4225 5442
947 447 998 470 ..
1070 415 1123 496 45
1186 450 1237 472 .-

254 604 408 687 generi
435 600 657 678 iudiciali,
685 602 778 690 quod
812 604 992 671 nemincum
1013 624 1096 682 esse,
1122 606 1195 671 iere
1224 622 1340 671 omnes
1365 605 1487 674 artium
1508 610 1688 700 scriptores
1708 615 1931 696 consentiunt,

251 740 412 788 summam
434 740 571 806 operam
592 718 725 786 dedisse
745 720 908 787 rideatur.

453 840 559 932 Quam
581 848 684 902 totam
707 836 805 902 letius
826 834 939 923 primo
960 838 1067 901 susam
1088 835 1266 916 rationem,
1296 836 1427 904 etiamsi
1449 837 1678 938 quinctiliano
1700 847 1932 927 concedamus,
2035 888 2036 895 κ

252 974 323 1016 osse
344 951 595 1017 instituentibus
616 953 717 1017 rudes
738 973 809 1018 uon
830 950 999 1026 inutilem,
1022 935 1066 1015 'et
1092 949 1127 1016 si
1144 973 1215 1018 non
1235 957 1345 1018 statim
1366 955 1551 1021 rectissima
1573 955 1664 1022 linea
1683 973 1822 1042 tentem,
1853 966 1933 1031 faci-

231 1054 373 1134 liorem
399 1080 511 1132 minen
540 1080 574 1131 et
602 1067 803 1154 apertiorem
824 1068 922 1144 tiam,
935 1070 971 1152 ¹)
999 1077 1113 1132 temen
1142 1067 1267 1153 stipsi
1295 1068 1369 1135 eius
1398 1069 1528 1135 iudicio
1558 1072 1805 1154 subscribimus,
1826 1103 1929 1168 quum
2018 1164 2020 1171 p

250 1184 304 1248 isis
325 1183 435 1248 tarbis
456 1182 676 1269 disputationi
696 1204 775 1248 suae
799 1181 842 1247 de
864 1204 981 1249 causae
1004 1182 1302 1249 constitutionibus
1323 1199 1385 1250 eto.
1407 1186 1507 1252 hem
1530 1186 1705 1273 imposuit:
1718 1194 1755 1271 2)
1783 1196 1927 1266 „Verum
2019 1190 2021 1271 J

251 1301 334 1364 baec
356 1302 565 1365 affectata
586 1298 821 1383 subtilitas
842 1298 962 1365 circa
989 1300 1171 1365 nomina
1198 1319 1343 1366 rerum
1364 1300 1540 1368 ambitioso
1564 1304 1708 1380 laboret,
1728 1327 1748 1370 a
1768 1308 1867 1373 nobis
1887 1313 1925 1378 in
1986 1364 1990 1369 ,

249 1417 316 1480 hoo
336 1429 478 1481 assumta
498 1417 620 1490 solum,
642 1438 685 1480 ne
704 1435 823 1504 parum
840 1414 1022 1500 diligenter
1037 1412 1216 1501 inquisisse
1237 1414 1282 1481 do
1304 1437 1416 1503 opere,
1438 1421 1530 1507 quod
1553 1421 1677 1507 agressi
1690 1442 1814 1498 sumus,
1832 1424 1926 1490 ride.

233 1552 383 1615 ¹retitur:
413 1532 597 1619 simplicius
626 1542 735 1597 autem
763 1530 951 1596 instituenti
980 1551 1053 1596 nou
1084 1542 1133 1597 est
1160 1552 1305 1609 neeesse,
1338 1554 1415 1619 per
1444 1547 1524 1601 tam
1561 1537 1750 1605 minutas
1779 1559 1922 1606 rerum

245 1649 493 1734 particulas
522 1645 738 1712 rationem
765 1646 951 1713 dicendi
980 1648 1232 1714 considere.
1283 1652 1357 1747 Quo
1387 1652 1470 1718 titio
1499 1655 1598 1719 malti
1629 1654 1766 1742 quidem
1789 1657 1923 1721 labere-

245 1781 337 1839 runt,
357 1764 535 1849 praecipue
555 1774 667 1827 tamen
688 1767 921 1850 Hermagoras,
943 1765 1012 1834 vir
1034 1761 1206 1851 alioqui
1228 1765 1412 1831 subtilis
1439 1781 1477 1832 at
1498 1770 1542 1834 in
1564 1770 1770 1854 plurimis
1793 1771 1923 1836 admi.

245 1880 431 1953 raudus,
459 1888 625 1943 tantum
655 1876 926 1965 diligentiae
964 1878 1100 1945 nimis
1137 1878 1392 1955 sollieitae,
1429 1894 1467 1976 ut
1501 1883 1573 1968 ipsa
1602 1885 1673 1950 eius
1701 1889 1921 1972 reprehensio

243 1995 345 2060 laudo
367 1992 479 2081 aliqua
507 2016 578 2060 non
602 1994 745 2081 indigna
766 1994 820 2059 sit.
862 1999 951 2060 llaec
980 2008 1092 2060 autem
1122 1992 1270 2074 brevior,
1298 1997 1352 2062 rel
1380 1996 1459 2062 ideo
1486 1998 1592 2063 multo
1614 1999 1763 2065 lucidior
1782 2002 1835 2066 tia
1857 2008 1917 2087 (sc.
2031 2082 2032 2087 γ

245 2134 311 2199 qua
354 2109 601 2210 quinctilianus
637 2111 808 2197 ingressus
848 2115 914 2194 est)
950 2132 1061 2199 neque
1098 2110 1265 2175 dicentem
1293 2124 1354 2198 per
1383 2115 1537 2199 ambages
1563 2113 1726 2201 fatigabit,
1757 2138 1820 2182 neo
1848 2139 1921 2184 cor·
2031 2106 2032 2109 ¹

241 2250 306 2314 pus
335 2229 497 2292 orationis
517 2228 556 2291 iu
584 2247 684 2312 parra
705 2241 874 2294 momenta
895 2229 1092 2294 diducendo
1114 2240 1390 2294 consumserat
1434 2230 1530 2294 Unde
1551 2229 1588 2294 in
1610 2245 1761 2299 nostrum
1784 2255 1920 2321 quoque

241 2344 362 2409 cadere
384 2357 644 2409 consentaneum
667 2357 727 2419 est,
748 2346 841 2431 quod
871 2337 1032 2445 Quinctil.
1062 2345 1155 2410 vm.
1184 2364 1338 2430 prooem.
1367 2343 1389 2411 3
1418 2345 1461 2409 de
1491 2347 1606 2411 multis
1635 2346 1729 2423 dicit,
1757 2370 1918 2415 nonnuu.

240 2482 339 2547 quam
366 2460 424 2547 qui
454 2460 704 2546 diligentissimi
726 2462 848 2527 artium
877 2463 1058 2546 scriptores
1080 2462 1278 2536 exstiterint,
1304 2463 1347 2526 ab
1383 2461 1575 2548 eloquentia
1596 2463 1790 2546 longissime
1811 2467 1918 2533 fuisse

241 2586 400 2641 remotos.
444 2579 537 2671 (puae
562 2577 680 2663 opinio
708 2600 780 2644 non
808 2578 917 2642 solum
940 2575 1115 2644 Ciceronis
1136 2574 1257 2652 tarbis,
1276 2579 1311 2659 ⁸)
1339 2577 1399 2642 sed
1431 2577 1529 2641 etiam
1553 2577 1700 2641 auctoris
1721 2578 1848 2665 dialogi
1871 2582 1914 2645 de

240 2692 431 2758 oratoribus
444 2698 481 2776 ⁴)
509 2693 704 2758 testimonio
732 2695 893 2771 firmatur,
926 2692 985 2782 qui
1014 2695 1100 2771 „ista
1127 2711 1219 2770 tero,
1254 2690 1375 2780 inquit,
1413 2695 1544 2778 longa
1581 2693 1913 2778 principiorum

218 2806 526 2895 ‘praeparatio
555 2823 590 2874 et
618 2809 898 2876 narrationis
919 2812 1007 2875 alte
1036 2811 1226 2895 repetita
1251 2810 1389 2875 series
1410 2820 1444 2873 et
1469 2810 1701 2874 multarum
1732 2809 1913 2876 divisio·

236 2946 335 2990 num
365 2925 608 2990 ostentatio
640 2938 674 2989 et
701 2925 828 2991 mille
857 2938 1207 3013 argumentorum
1235 2926 1417 3011 gradus,
1446 2937 1480 2989 et
1509 2922 1677 3011 quidquid
1705 2925 1799 2990 aliud
1829 2928 1911 2993 ori·

218 3041 433 3119 ‚dissimis
453 3044 679 3127 Hermagorae
700 3055 734 3106 st
752 3042 982 3129 Appollodori
1004 3042 1102 3107 libris
1123 3043 1340 3127 praecipitur,
1361 3040 1398 3109 iu
1419 3041 1550 3105 bonore
1572 3053 1688 3117 orat;“
1719 3062 1815 3129 quem
1837 3043 1911 3130 qui.

236 3158 313 3220 dem
341 3158 504 3224 honorem
530 3171 645 3243 postea
673 3160 820 3236 demum,
847 3180 951 3247 quum
980 3179 1033 3224 ars
1060 3159 1100 3223 in
1129 3158 1317 3229 scholarum
1350 3155 1454 3243 spatia
1483 3179 1518 3220 se
1546 3155 1735 3241 recepisset,
1756 3171 1788 3222 et
1818 3161 1907 3243 apud

237 3276 382 3339 Graecos
395 3279 428 3357 ς)
450 3286 483 3339 et
503 3275 593 3360 apud
614 3274 800 3360 Latinos⁶)
821 3274 997 3346 revertisse
1018 3288 1158 3343 constat.

330 3536 344 3571 a
379 3521 410 3590 l)
429 3517 548 3583 Quinti.
567 3514 614 3580 ΙΙΙ.
631 3521 656 3579 b
675 3520 719 3580 83.

379 3626 411 3695 2)
431 3623 549 3691 Quium.
567 3621 615 3685 lll.
634 3627 675 3682 11.
694 3626 728 3685 tl
748 3639 813 3698 sqq·

379 3731 410 3800 3)
431 3729 490 3783 cio.
511 3723 548 3782 ds
566 3725 626 3789 inv,
642 3727 667 3781 1.
687 3731 714 3789 ii·
733 3727 761 3788 8.
778 3729 806 3787 9.
825 3727 914 3787 Brut.
932 3745 958 3789 e,
975 3728 1021 3787 ¹16.
1038 3728 1083 3790 ¹18.

377 3836 409 3903 4)
427 3829 510 3890 Dial.
530 3828 560 3889 d.
579 3846 624 3891 or,
642 3848 668 3891 c.
686 3833 732 3891 19.
757 3829 821 3885 Hoc
838 3822 936 3886 antoni
955 3826 986 3883 in
1006 3828 1073 3885 ioco
1091 3825 1128 3884 de
1143 3836 1245 3885 nostro
1262 3845 1421 3883 sermonem
1439 3846 1511 3892 aare,
1531 3846 1589 3881 non
1608 3825 1702 3883 seium
1721 3824 1788 3882 inde
1806 3825 1902 3902 seqni-

425 3944 487 4000 tur,
507 3930 589 4008 qnod
606 3934 808 4011 Hermagorae,
826 3943 863 3990 nt
879 3928 959 4011 apud
977 3930 1221 3999 Quinctiiiannm‚
1239 3950 1314 4021 cnm.
1331 3928 1517 4010 Apollodoro
1536 3930 1732 4008 componitur,
1750 3927 1800 3987 sed
1818 3931 1903 3986 etiem

426 4059 461 4094 ex
479 4039 613 4095 universa
632 4038 702 4095 artie
721 4036 930 4117 descriptione,
948 4056 1035 4114 qnam
1052 4034 1141 4094 modo
1159 4036 1291 4115 legimns.
1401 4083 1405 4089 .

330 4185 334 4194 .
375 4142 406 4212 d)
425 4142 634 4203 Wettermann.
652 4141 673 4197 L
693 4141 716 4202 l.
735 4143 770 4203 Τ.
788 4143 814 4198 Ι.
835 4146 861 4214 d.
879 4148 924 4206 95.
943 4150 971 4204 4.

373 4247 405 4316 6)
424 4244 629 4301 Wcstermann.
650 4243 711 4310 Li.
731 4246 767 4310 Τ.
783 4247 827 4301 11.
848 4248 875 4319 §.
891 4246 937 4308 88.
954 4247 984 4308 8,

741 4417 1363 4471 Μῦθον*
