4225 5442
943 416 998 468 ..·
1066 415 1119 496 45
1181 451 1232 473 ..

251 604 405 687 generi
433 602 654 679 iudiciali,
682 602 775 691 qued
808 604 989 671 maximum
1009 623 1093 681 esse,
1119 603 1192 669 lere
1220 623 1336 671 omnes
1361 605 1483 673 artium
1504 607 1684 697 scriptores
1704 614 1927 695 consentiunt,

248 739 409 787 summam
431 741 568 807 operam
589 720 722 787 dedisse
741 720 904 788 rideatur.
984 720 986 725 ’

450 840 556 932 Quam
578 849 681 903 totam
704 838 802 903 latius
822 836 935 924 primo
956 839 1064 902 lusam
1084 834 1262 914 rationem,
1292 834 1423 904 etiami
1444 838 1675 938 quinctiliano
1697 845 1928 925 concedamus,

249 974 320 1016 osse
341 951 592 1017 instituentibus
613 954 714 1018 rudes
734 973 806 1018 non
827 951 995 1027 inutilem,
1028 962 1063 1015 et
1088 949 1124 1017 si
1141 972 1211 1018 nou
1231 955 1342 1016 statim
1362 955 1546 1021 rectissima
1568 957 1660 1022 linea
1679 971 1818 1039 tensam,
1849 964 1929 1029 laci·

228 1052 370 1133 ¹liorem
396 1080 507 1132 tamen
537 1080 571 1131 et
598 1067 799 1154 apertiorem
820 1067 918 1143 uam,
931 1070 967 1152 ¹)
996 1077 1110 1132 tamen
1138 1077 1172 1132 et
1196 1066 1263 1153 ipsi
1291 1066 1365 1133 eius
1395 1067 1524 1134 iudicio
1553 1072 1802 1152 subscribimus,
1823 1099 1926 1165 quum

247 1183 301 1247 his
322 1183 431 1248 verbis
452 1183 672 1269 disputationi
692 1203 772 1248 suae
795 1181 839 1246 de
860 1204 977 1249 causae
999 1182 1298 1249 constitutionibus
1319 1198 1381 1249 etc.
1403 1184 1504 1250 finem
1526 1183 1751 1272 imposuitfi)
1779 1195 1924 1267 „Verum

248 1300 331 1364 haec
352 1302 562 1365 affectata
583 1298 959 1377 subtilitascirca
986 1300 1167 1365 nomina
1195 1319 1340 1366 rerum
1360 1298 1536 1366 ambitiose
1561 1303 1703 1379 laboret,
1724 1326 1744 1371 a
1764 1308 1863 1373 nobis
1884 1310 1921 1375 ia

246 1416 312 1480 boe
332 1428 474 1481 assumta
495 1416 617 1490 solutu,
639 1439 681 1480 ne
701 1435 819 1504 parum
836 1415 1018 1500 diligenter
1033 1412 1212 1502 inquisisse
1233 1414 1277 1481 de
1300 1436 1413 1502 opere,
1435 1418 1527 1505 quod
1549 1420 1673 1504 agressi
1686 1441 1809 1499 sumus,
1827 1422 1922 1489 ride.

245 1552 379 1599 remur:
409 1532 594 1619 simplicius
622 1541 732 1597 autem
759 1530 948 1596 instituenti
977 1551 1049 1596 non
1079 1542 1130 1595 est
1158 1551 1301 1608 necesse,
1335 1552 1411 1619 per
1440 1544 1520 1599 tarn
1558 1535 1746 1603 minutas
1775 1558 1918 1605 rerunt

242 1647 490 1733 particulas
518 1646 735 1711 rationem
762 1644 947 1711 dicendi
977 1647 1229 1714 concidero.
1279 1651 1354 1746 Quo
1384 1650 1467 1716 vitio
1496 1653 1595 1717 multi
1626 1651 1763 1739 quidem
1785 1654 1920 1720 labora.

242 1780 334 1838 runt,
354 1762 532 1848 praecipue
552 1773 664 1827 tamen
685 1765 918 1848 Hermagoras,
940 1763 1009 1832 rir
1031 1760 1203 1850 alioqui
1226 1764 1409 1829 subtilis
1436 1778 1474 1830 et
1494 1768 1539 1832 in
1560 1767 1768 1853 plurimis
1790 1768 1920 1834 admi.

242 1878 428 1952 raudus,
457 1887 623 1942 tantum
652 1874 923 1964 diligentiae
961 1875 1097 1943 nimis
1134 1877 1388 1953 sollicitae,
1427 1891 1464 1943 ut
1497 1882 1570 1964 ipsa
1599 1883 1670 1948 eius
1698 1886 1918 1969 reprehensio

240 1993 342 2059 laude
364 1991 476 2080 aliqua
505 2014 575 2058 uon
600 1992 743 2078 indigua
764 1993 818 2057 sit.
859 1996 949 2058 Haec
978 2005 1089 2056 autem
1119 1991 1267 2070 breuior,
1295 1994 1349 2058 rel
1377 1993 1456 2057 ideo
1482 1994 1589 2059 multo
1611 1996 1760 2062 lucidior
1779 2000 1832 2063 ria
1854 2006 1915 2085 (sc.

242 2133 309 2198 qua
352 2109 599 2209 quinctilianus
634 2110 805 2194 ingressus
845 2112 912 2191 est)
947 2130 1058 2196 neque
1097 2107 1262 2173 dicentem
1289 2120 1351 2195 per
1380 2111 1534 2195 ambages
1561 2110 1723 2197 fatigabit,
1754 2135 1817 2179 nee
1845 2136 1918 2182 eor·
2029 2108 2030 2111 ¹

239 2249 303 2313 pus
332 2227 495 2291 orationis
515 2227 553 2290 in
581 2246 682 2310 parra
702 2240 872 2292 momenta
892 2226 1089 2291 diducendo
1112 2238 1284 2292 consumet
1304 2237 1387 2291 ete.‘⁴
1431 2226 1527 2291 Unde
1548 2225 1585 2291 in
1608 2241 1758 2297 nestrum
1781 2252 1917 2318 quoque

238 2343 359 2408 cadere
381 2355 642 2408 consentaneum
665 2354 724 2417 est,
745 2343 839 2429 qued
869 2334 1029 2443 Quinctil.
1059 2343 1152 2408 vm.
1181 2361 1335 2427 prooem.
1364 2340 1387 2408 3
1416 2342 1459 2406 de
1488 2344 1603 2408 multis
1632 2342 1726 2419 dicit,
1754 2369 1915 2413 nonuun.

237 2481 336 2547 quam
364 2458 422 2545 qui
450 2458 701 2544 diligentissimi
724 2460 846 2524 nrtium
874 2460 1055 2544 scriptores
1077 2459 1275 2534 exstiterint,
1302 2460 1344 2523 ab
1380 2459 1573 2545 eloquentia
1593 2460 1788 2543 longissimo
1808 2464 1915 2531 luisse

238 2588 397 2640 remotos.
441 2578 534 2670 Quae
560 2576 678 2660 opinio
706 2598 778 2642 non
806 2577 914 2641 solunt
938 2574 1112 2642 ciceronis
1133 2571 1254 2667 uerbis,
1273 2576 1309 2657 ⁸)
1337 2574 1397 2640 sed
1429 2574 1527 2638 etiam
1551 2574 1697 2639 auctoris
1718 2576 1846 2662 dialogi
1868 2580 1913 2643 de

237 2689 479 2774 oratoribue4)
507 2691 702 2756 testimonio
729 2693 891 2769 firmatur,
924 2691 983 2781 qui
1012 2693 1097 2770 „ista
1125 2709 1217 2767 rore,
1252 2688 1373 2777 iuquit,
1410 2691 1485 2755 lou
1494 2711 1541 2775 ga
1578 2690 1911 2776 principiorum

217 2804 523 2894 ¹praeparatio
553 2821 587 2872 et
615 2807 895 2873 narrationis
917 2810 1004 2873 alte
1033 2809 1223 2893 repetita
1249 2808 1387 2872 series
1408 2818 1441 2869 et
1467 2807 1698 2872 multarum
1729 2807 1911 2873 divisio·

233 2945 333 2989 num
362 2923 606 2989 ostentatio
638 2935 671 2987 et
698 2924 825 2989 mille
855 2936 1204 3012 argumentorum
1232 2924 1415 3009 gradus,
1443 2935 1479 2986 et
1507 2921 1675 3009 quidquid
1702 2922 1795 2988 aliud
1827 2926 1908 2989 ari·

216 3040 430 3118 ,cissimis
450 3042 676 3125 Hermagorae
698 3053 732 3104 et
749 3041 980 3127 Appollodori
1001 3040 1100 3104 libris
1121 3040 1338 3126 praecipitur,
1358 3038 1395 3108 in
1417 3037 1547 3103 bonore
1569 3050 1685 3114 erat;“
1716 3058 1813 3126 quem
1835 3040 1909 3127 qui.

234 3156 310 3219 dem
339 3157 502 3223 bonorem
527 3169 643 3241 postea
670 3158 818 3235 demum,
845 3178 948 3245 quum
978 3179 1030 3222 ars
1058 3157 1097 3221 in
1126 3156 1314 3226 scholarum
1347 3153 1452 3241 spatia
1480 3175 1515 3217 se
1544 3152 1732 3239 recepisset,
1753 3167 1786 3219 ct
1815 3157 1905 3240 apud

235 3275 380 3339 Graecos
392 3277 425 3355 ⁵)
448 3285 481 3336 et
501 3273 590 3358 apud
612 3271 798 3358 Latinos⁶)
818 3272 994 3344 revertisse
1015 3285 1156 3341 constat.

328 3534 342 3569 e
377 3520 408 3589 l)
426 3516 546 3582 Quinct.
564 3513 612 3579 111.
628 3520 654 3577 8
673 3518 717 3593 83.

377 3625 409 3694 2)
429 3623 547 3690 Quinet.
564 3619 613 3683 111.
632 3625 672 3680 11.
692 3624 726 3682 21
745 3637 810 3696 sqq.

377 3730 408 3800 3)
429 3728 488 3782 cie.
509 3722 546 3781 de
564 3724 623 3787 inv.
640 3725 665 3779 I.
685 3729 712 3787 (i-
731 3725 759 3786 8.
776 3728 803 3785 9.
823 3725 911 3784 Brut.
929 3743 955 3786 n,
973 3726 1018 3785 ld.
1036 3725 1081 3787 78.

375 3835 407 3902 4)
425 3827 508 3890 Diei.
528 3827 558 3887 d.
577 3844 622 3889 or,
640 3846 666 3889 c.
684 3831 729 3889 19.
755 3827 818 3883 Hoc
836 3820 934 3883 ruteni
953 3825 984 3881 iu
1003 3825 1071 3882 loco
1089 3823 1126 3882 de
1140 3833 1242 3882 uestro
1260 3842 1419 3880 sermonem
1437 3843 1509 3889 esse,
1529 3841 1586 3878 uon
1605 3822 1699 3880 solum
1719 3821 1785 3879 inde
1803 3821 1900 3899 sequi·

423 3943 485 3999 tur,
505 3929 587 4007 quod
604 3932 806 4009 Hermagoras,
824 3940 861 3988 nt
877 3926 957 4008 apud
975 3928 1218 3995 Quinctilianum,
1237 3947 1312 4019 cnm
1328 3925 1515 4007 Apollodoro
1534 3927 1729 4005 componitur,
1748 3923 1797 3984 sed
1816 3927 1901 3983 etiarn

424 4058 459 4093 ex
477 4037 611 4093 universa
630 4036 700 4093 artis
719 4034 928 4115 descriptione,
946 4054 1032 4111 qnam
1049 4031 1138 4091 modo
1157 4033 1289 4113 legimur.
1399 4080 1402 4087 ,

328 4185 333 4193 .
373 4142 404 4212 5)
423 4141 632 4202 Westermauu,
650 4139 671 4195 L
691 4138 714 4200 l.
733 4141 768 4202 Τ.
786 4141 812 4196 1.
833 4144 859 4212 d.
877 4146 923 4204 93.
942 4147 969 4201 4.

371 4247 403 4316 6)
422 4243 627 4301 Westernranu.
648 4242 671 4308 l,
687 4241 709 4299 l.
729 4244 765 4308 Τ.
782 4244 825 4300 11.
846 4246 873 4317 §,
889 4244 936 4306 88.
952 4245 983 4306 8.

739 4415 1362 4468 -ῇ-ΟΟΜΜ
