4225 5442
1021 320 1301 414 -a-f

261 554 265 567 ·
316 506 452 612 imperii
472 521 663 590 Domitiani
685 523 774 588 circa
795 542 920 587 anuum
941 510 1196 605 nonagesimum
1218 532 1293 605 post
1315 522 1375 589 ch.
1398 506 1567 606 scripsisse
1598 522 1737 588 videtur
1754 527 1800 606 ¹),
1824 521 1934 607 p‘auoi'

319 636 378 727 q'ui
399 641 640 723 llermagoram
662 636 824 713 viderint,
845 635 1053 723 sexagenarii
1076 634 1213 714 fuerint,
1233 637 1287 699 rel
1308 637 1566 723 septuagenarii,
1588 639 1678 703 hunc
1701 638 1875 704 Theodori
1907 639 1929 703 d

294 754 440 863 ,pulum
461 755 630 840 sexaginta
651 752 785 819 circiter
804 751 902 820 annis
922 766 1001 817 ante
1023 755 1124 817 etiam
1140 750 1259 816 vixisse
1274 750 1385 835 primo
1401 751 1558 836 adspectu
1574 766 1729 840 apparet3
1760 755 1851 842 quod
1866 756 1940 841 qui

321 874 396 936 'cum
413 856 582 935 Theodori
601 868 814 946 Gadarensie,
843 866 1082 954 praeceptoris,
1103 880 1208 932 aetate
1229 867 1360 951 optime
1367 868 1535 933 convenit.
1577 873 1676 934 Hunc
1697 870 1786 934 enim
1800 872 1940 955 Apollo·

311 974 532 1071 Pergameni,
553 984 612 1071 qui
637 983 778 1068 Augusti
799 984 956 1068 magister
977 983 1052 1055 fuit,
1065 985 1100 1064 2)
1121 982 1345 1047 adversarium
1366 985 1570 1047 nouaclum
1594 986 1928 1082 Suetonius³))st9

321 1102 522 1187 otiliauus4)
547 1099 678 1165 Tiberii
699 1099 847 1163 Caesaris
868 1111 1118 1185 praeceptorem
1140 1097 1322 1183 appellant,
1354 1097 1535 1162 sedetiam
1568 1101 1687 1163 Strabo
1702 1105 1735 1187 ⁵)
1765 1101 1864 1165 claris
1897 1125 1948 1167 ve

321 1210 494 1304 aequalem
516 1218 678 1290 nominat,
701 1216 791 1279 unde
805 1216 1061 1298 liermageram,
1084 1215 1209 1302 quippe
1232 1213 1292 1301 qui
1312 1213 1577 1300 discipulus
1600 1216 1772 1281 Theodori
1796 1217 1908 1293 fuerit,
1942 1246 1945 1256 ·

321 1333 436 1418 g'usti
459 1346 492 1396 et
512 1331 691 1397 maxime
706 1328 879 1394 Tiberii
899 1329 1299 1415 temporibusvixisse
1315 1344 1417 1415 patet,
1442 1331 1534 1419 quod
1550 1332 1674 1397 Suidee
1695 1331 1792 1396 etiam
1812 1334 1943 1398 testimo

313 1449 515 1515 ¹confirmari
537 1447 663 1511 deinde
684 1445 887 1513 videbimus.

488 1569 603 1651 ltaque
625 1566 919 1629 Westermaunum
940 1562 1060 1639 miror,
1089 1584 1288 1651 quamquam
1319 1577 1498 1653 utrumque
1525 1568 1764 1651 Hermagoran
1795 1568 1881 1632 bene
1903 1589 1947 1631 no

319 1694 432 1746 tamen
453 1700 523 1745 non
545 1681 669 1764 ubique
691 1690 781 1741 recte
803 1679 1011 1756 distinxisse;
1033 1676 1158 1745 utiam
1179 1674 1261 1746 inde
1283 1695 1430 1766 apparet,
1454 1682 1557 1768 quod,
1579 1682 1636 1746 ubi
1651 1684 1693 1746 de
1715 1686 1822 1747 altero
1845 1685 1953 1770 loquit

320 1800 370 1887 (5.
392 1796 444 1871 88,
465 1796 535 1877 24.)
558 1794 601 1857 ad
632 1815 681 1868 ea,
712 1797 863 1880 quaeda
890 1810 1007 1862 nostro
1029 1798 1262 1883 disputaverat,
1286 1794 1405 1886 (tta.
1427 1798 1495 1881 ll.)
1522 1798 1680 1863 lectorem
1706 1799 1856 1864 remittit.
1903 1801 1964 1862 Cu

323 1910 532 1978 confusionis
560 1923 592 1973 et
613 1908 700 1974 illud
722 1884 960 1977 documentum
982 1934 1051 1977 esse
1074 1915 1233 1989 arbitror,
1266 1911 1357 1998 quod
1379 1912 1524 1996 priori
1532 1936 1547 1974 s
1574 1917 1800 1996 Hermagorae
1821 1918 1964 1998 fragmen

320 2028 409 2112 apud
422 2029 579 2091 Senecam
599 2027 767 2090 rhetorem
785 2040 913 2111 exstare
928 2030 1065 2113 putavit.
1089 2030 1135 2114 (§.
1152 2024 1204 2103 83,
1224 2028 1292 2109 ΙΙ.)
1313 2030 1396 2103 Hoc,
1412 2027 1448 2091 ni
1466 2030 1578 2100 fallor,
1599 2022 1724 2092 oblitus
1742 2042 1823 2104 erat,
1846 2034 1961 2094 Senec

323 2140 426 2209 initio
446 2128 595 2206 controv.
614 2142 672 2206 lib.
695 2145 722 2208 Ι.
744 2142 855 2227 dicere
878 2143 1029 2220 „Jubetis
1053 2147 1112 2228 (sc.
1127 2143 1190 2208 lilii
1211 2146 1349 2220 Novate,
1372 2144 1508 2220 Seneca,
1529 2147 1633 2228 Mela)
1656 2144 1738 2231 quid
1761 2148 1803 2209 de
1824 2146 1876 2210 lris
1898 2149 1958 2213 dec

321 2261 505 2333 uiatoribus
520 2258 671 2336 seutiam,
691 2259 750 2347 qui
772 2261 810 2325 in
831 2262 1017 2326 aetatem
1040 2281 1168 2325 meam
1189 2258 1461 2335 inciderunt,
1482 2259 1644 2343 judicare,
1665 2274 1698 2324 et
1719 2263 1748 2325 si
1770 2285 1835 2349 qua
1856 2282 1958 2326 mem

323 2382 419 2444 riae
441 2397 556 2440 meae
578 2379 731 2442 nondum
752 2379 863 2463 elapsu
883 2384 926 2445 ab
947 2381 1018 2445 illis
1039 2380 1127 2443 dicta
1144 2358 1317 2466 colligere.
1360 2383 1430 2453 Est,
1451 2380 1571 2453 fateor,
1592 2377 1775 2441 iucundum
1793 2378 1876 2442 milti
1890 2380 1979 2443 redi

322 2494 359 2559 in
382 2493 518 2581 entique
539 2494 660 2571 studia,
692 2496 917 2584 melioresque
949 2497 993 2561 ad
1016 2519 1125 2562 annos
1144 2498 1322 2582 respicere,
1351 2508 1385 2558 et
1400 2468 1502 2558 ¹volsis
1520 2492 1749 2580 querentibus,
1779 2495 1870 2579 quod
1894 2507 1974 2559 tant

325 2610 499 2696 opinionis
524 2614 614 2675 viros
640 2611 758 2676 audire
790 2635 859 2677 non
888 2613 1077 2698 potueritis,
1108 2606 1285 2676 detrahere
1315 2610 1421 2699 ipsam
1450 2590 1638 2695 temporum
1667 2609 1860 2674 iniuriam“.
1910 2611 1984 2675 Int

322 2741 432 2791 tautae
454 2749 534 2794 vero
557 2729 733 2813 opinionis
750 2729 851 2804 viros,
888 2750 973 2816 quos
995 2733 1120 2794 Seneca
1143 2727 1319 2802 audiverit,
1355 2726 1492 2793 nonnisi
1527 2730 1759 2819 Hermagoras,
1796 2725 1855 2812 qui
1881 2725 1970 2790 serio

324 2859 475 2939 tempore
488 2844 629 2930 uixit⁶),
648 2846 764 2911 haberi
778 2857 898 2931 potest,
909 2827 911 2833 ἲ
921 2865 1021 2932 quem
1040 2858 1074 2909 et
1087 2844 1196 2931 ipsum
1213 2845 1334 2910 artium
1351 2842 1595 2909 rhetoricarum
1609 2855 1777 2907 auctorem
1790 2845 1825 2930 ⁷)
1845 2843 1909 2906 irco
1925 2843 1985 2905 sati

471 3061 501 3131 l)
523 3057 569 3121 Cf.
588 3034 847 3116 westarmauu
867 3064 895 3123 Ι.
917 3060 939 3124 Ῑ,
974 3054 1096 3123 1'1.Th·.
1114 3066 1139 3134 ς,
1157 3063 1201 3123 80.
1238 3048 1379 3129 Baehr,
1406 3058 1508 3121 Geselr.
1527 3058 1556 3120 d.
1583 3049 1996 3121 reim.Lit‚Carisi·ul1el83

502 3166 546 3234 p,
564 3166 617 3223 264
637 3172 666 3218 et
685 3169 710 3235 i.
729 3167 792 3226 265·

469 3287 500 3356 ι)
520 3282 618 3344 sarab:
639 3283 715 3344 Xlll.
734 3305 766 3360 p.
784 3286 849 3346 62⁵.
889 3268 1046 3338 Μάλιστα
1076 3271 1169 3359 ἐξῇρε
1189 3269 1250 3339 τὸν
1266 3266 1518 3363 Ἀπολλόᾶφρον
1533 3265 1558 3357 ἦ
1576 3271 1640 3337 τοῦ
1650 3271 1821 3354 Καίσαρος
1835 3264 1936 3355 φιλία
1954 3287 1988 3337 σε

519 3383 653 3472 dolesco,
676 3383 926 3464 assectator
947 3389 1027 3469 coia
1047 3386 1182 3471 λόγων
1202 3384 1433 3473 γενόμενος.

468 3503 505 3574 3)
520 3501 574 3561 vit.
596 3499 664 3561 Tib.
683 3519 710 3559 e.
729 3505 775 3562 57,
789 3502 797 3525 ’
811 3503 900 3556 Saeva
919 3519 950 3555 ac
968 3501 1047 3557 lenta
1066 3512 1172 3557 natura
1190 3521 1228 3555 ne
1245 3502 1275 3555 iu
1294 3498 1503 3578 puero‘('l'ib.)
1519 3495 1637 3575 quidem
1649 3497 1759 3561 laeuiss
1785 3518 1872 3575 quam
1883 3497 1999 3553 Theo.

520 3604 641 3677 dorus
657 3601 873 3671 Gadareus,
894 3602 1125 3660 rhetoricae
1141 3616 1388 3683 praeceptor,
1404 3614 1438 3662 et
1452 3604 1635 3683 perspexisse
1650 3604 1813 3681 primuset
1830 3603 1999 3660 assimilasse

420 3726 425 3752 2
518 3708 666 3786 aptissime
685 3707 768 3764 visus
785 3716 838 3769 cst
1367 3712 1378 3721 ’

468 3817 504 3886 4).
518 3815 591 3873 lust.
610 3831 654 3875 or.
665 3811 719 3875 ill.
738 3819 763 3875 l.
783 3817 826 3875 16.
862 3810 1034 3869 Theodorus
1061 3809 1223 3880 Gadareus,
1253 3812 1311 3888 qui
1325 3832 1358 3868 se
1378 3810 1442 3868 dici
1456 3810 1562 3869 maluit
1579 3809 1739 3879 erodinm,
1765 3832 1850 3888 quem
1868 3761 1999 3868 studiose

521 3913 669 3983 audiisse,
665 3934 769 3994 quum
787 3916 819 3972 iu
838 3937 901 3973 eam
917 3896 1042 3973 insulam
1061 3916 1215 3981 secessisct,
1233 3913 1347 3972 dicitur
1364 3916 1503 3975 Tiberius
1521 3920 1631 3977 Caesar.
1651 3916 1690 3978 cf
1709 3921 1789 3976 Suet.
1808 3914 1877 3975 'l'ib
1893 3934 1920 3977 e
1937 3918 1980 3979 ll

468 4041 503 4110 5).
520 4036 621 4101 Str-ab.
636 4040 722 4099 XVI.
750 4059 782 4116 p.
800 4041 853 4098 759
874 4022 913 4092 lac
931 4020 966 4090 di
986 4025 1058 4090 cciv
1076 4019 1239 4108 Γαδάρων
1258 4058 1301 4072 --
1324 4020 1499 4108 Θεόδωρος*
1516 4019 1538 4088 ὅ
1555 4028 1641 4089 καθ
1655 4017 1772 4106 ’ἡμᾶς
1789 4017 1929 4108 ῥήτωρ.

470 4160 502 4229 6)
520 4159 598 4214 Νιιιιι
615 4156 693 4215 idem
710 4157 759 4226 sit,
775 4177 828 4235 qur
819 4152 924 4236 apud
939 4155 1055 4216 Maxim.
1063 4152 1191 4216 Planud
1207 4145 1294 4224 σχολ.
1307 4140 1454 4216 tigata&
1474 4156 1510 4220 Τ,
1528 4156 1566 4216 V.
1582 4174 1612 4229 p.
1622 4153 1690 4212 337,
1703 4131 1997 4224 ΨιῙιἚρμαγό·

522 4285 596 4348 9,αέ
616 4290 635 4331 0
657 4263 850 4356 νεώτερος
867 4276 1048 4358 appelletur,
1065 4273 1170 4337 deinde
1189 4270 1365 4330 videbimus

471 4376 637 4453 ilstrab
638 4366 717 4444 Xlll
734 4372 797 4445 δ’ἐξ]
1277 4395 1283 4402 ·
