4225 5442
933 339 1306 427 -42-'

239 522 421 616 contineat,
449 546 506 604 aut
531 536 569 605 ia
598 538 697 603 aliam
727 550 860 605 canuam
886 496 1040 609 deducat,
1077 513 1126 597 ex'
1155 551 1221 621 qua
1250 532 1405 601 coniiciit
1424 532 1562 621 aliquid
1577 534 1842 604 commestam
1862 551 1930 613 auo

239 653 526 744 reprehensionis,
547 678 618 722 non
640 646 916 740 argumentando,
938 650 997 715 sed
1024 648 1229 735 au‘gendo
1259 666 1334 737 p'er
1363 651 1573 738 quandam
1595 652 1930 738 anpliiioatiom

238 793 342 847 nem.
386 778 504 850 „iiam
528 771 557 837 oi
584 769 643 860 qui
665 784 804 858 pestem,
835 768 954 834 Cicero
975 767 1083 843 addit,
1114 766 1443 869 putarit'orationis.
1486 763 1648 856 aequatur
1674 775 1929 859 Hetnugorans

130 964 138 975 .
238 890 367 969 licebit,
397 891 496 958 nobis
529 904 637 954 antem
668 910 738 954 non
768 888 887 992 placet,
922 885 1008 948 hanc
1034 898 1161 970 partem
1189 883 1227 949 in
1258 898 1402 952 numero
1430 888 1561 970 reponi,
1598 887 1691 972 qued
1719 889 1802 953 de
1798 910 1927 961 cansa

240 1006 425 1119 degredi
454 1005 520 1071 nisi
549 1027 611 1092 per
640 994 751 1070 locum
780 1021 995 1066 communem
1011 1003 1155 1087 piacet‘t
1198 1002 1314 1107 Neque
1344 1025 1423 1068 vero
1451 1000 1695 1097 Quinctilium
1702 1006 1837 1090 placuit,
1857 1006 1927 1097 qui

128 1133 133 1145 ’
240 1128 303 1197 lib.
326 1128 390 1229 111.
412 1120 443 1190 9.
464 1123 486 1190 l
516 1110 747 1206 „egressio
768 1088 859 1194 iero,
881 1118 1003 1207 inquit,
1030 1119 1085 1182 vel
1108 1119 1217 1207 (quod
1236 1119 1392 1185 usitatius
1415 1141 1485 1183 esse
1507 1119 1635 1207 coepit)
1657 1130 1818 1197 excessus,
1847 1124 1920 1196 stre

241 1218 291 1308 est
310 1218 401 1307 extra
423 1259 564 1314 oausam,
585 1258 655 1334 uon
677 1248 876 1323 potestesse
899 1257 993 1320 pars
1015 1235 1233 1311 neustrasiae
1255 1235 1363 1301 estin
1386 1237 1721 1311 causantium
1743 1241 1796 1304 rel
1818 1262 1925 1308 orna«

237 1373 387 1425 mentum
410 1355 553 1443 partium
576 1367 625 1418 est
646 1363 772 1428 aarum,
793 1374 834 1416 ex
854 1353 977 1441 quibus
991 1352 1183 1438 egreditur.
1220 1354 1305 1417 Nam
1326 1353 1589 1451 squuidquid'
1578 1374 1615 1418 ιιι
1639 1362 1736 1420 eausa
1757 1369 1820 1431 esto
1833 1378 1924 1444 paro

193 1474 196 1479 ⁴
238 1498 355 1543 musae
377 1470 564 1547 vocabitur,
586 1493 646 1536 cur
667 1493 737 1537 non
760 1483 1003 1552 argumentum,
1030 1468 1239 1544 similitudo,¹
1253 1471 1351 1534 loeus
1367 1473 1566 1540 communis,
1596 1474 1746 1547 affectus,
1767 1477 1922 1560 meropia

236 1607 349 1681 partes
370 1602 562 1655 vocantur.“
605 1590 755 1653 Eandem
774 1589 848 1652 *iare
871 1590 915 1654 oh
938 1609 1068 1654 causam
1091 1586 1377 1673 partitionem
1402 1608 1536 1674 quoque
1556 1599 1686 1671 partem
1709 1600 1826 1653 causae
1847 1586 1921 1656 a‘aoe

237 1707 379 1794 negavit.
423 1704 586 1781 „Partitio
608 1706 711 1779 enim,
742 1700 863 1792 iuquit,
892 1706 975 1791 (111.
998 1702 1029 1771 9.
1052 1705 1074 1767 2
1094 1720 1183 1792 sqq.)
1211 1701 1444 1788 dispositionis
1475 1717 1524 1769 ost
1545 1704 1684 1799 species,
1707 1704 1779 1792 ipsa
1801 1706 1920 1794 dispe-

236 1824 315 1891 sitio
346 1843 423 1909 pars
454 1821 638 1887 rhetorices
667 1836 700 1887 et
728 1843 790 1906 per
819 1840 934 1887 omnes
964 1821 1119 1889 materias
1147 1824 1327 1907 totumque
1348 1840 1461 1885 aarum
1484 1842 1603 1905 corpas
1626 1821 1812 1908 aequaliter
1829 1825 1920 1901 ross,

231 1945 323 2008 sicut
347 1939 495 2007 inventio
527 1951 559 2003 et
580 1940 737 2004 elocutio.
781 1938 931 2028 Ideoque
960 1931 1036 2007 eum
1063 1954 1133 2004 non
1164 1936 1328 2003 orationis
1353 1937 1458 2001 totius
1480 1951 1607 2023 partem
1631 1959 1731 2003 unam
1752 1962 1824 2006 esse
1846 1963 1920 2009 ore·

236 2059 385 2128 dondutn
408 2070 467 2133 est,
490 2056 549 2120 sed
572 2056 802 2144 quaestionum
824 2059 924 2151 etiam
951 2055 1241 2143 singularum.“¹)
1283 2059 1335 2120 ita
1364 2056 1462 2119 etiam
1485 2054 1522 2120 in
1544 2056 1605 2119 hac
1627 2056 1809 2141 partitione
1827 2056 1919 2123 iler-

233 2195 387 2265 magecas
413 2177 449 2240 in
476 2174 566 2238 idem
597 2173 717 2240 vitium
736 2156 880 2247 incidit,
906 2174 1000 2261 quod
1023 2176 1143 2238 Cicero
1181 2171 1219 2237 in
1248 2171 1415 2255 generalis
1445 2171 1694 2238 constitutionis
1714 2187 1811 2259 parte
1829 2175 1919 2241 deli-

235 2295 383 2360 heratius
403 2306 437 2357 et
457 2280 715 2355 demonstrativa
737 2288 967 2375 reprehendit.

413 2408 638 2478 Attamenlaac
655 2406 725 2493 ipsa
741 2408 777 2475 iu
790 2428 827 2473 re
841 2428 910 2473 non
921 2404 1129 2472 soluminter
1141 2407 1285 2471 Graecos
1294 2402 1391 2470 multi
1408 2418 1514 2482 arant,
1531 2405 1915 2496 quisoqumentaroum,

236 2529 394 2616 inprimis
402 2533 629 2621 Hermogenes
646 2528 783 2612 eiusque
802 2525 956 2598 asseclae,
971 2523 1032 2586 sed
1047 2521 1146 2586 etiam
1159 2522 1248 2587 inter
1256 2526 1438 2599 Romanos,
1451 2522 1559 2611 quiid
1574 2526 1678 2610 magis
1690 2525 1788 2589 etiam
1798 2541 1915 2613 postca

234 2645 490 2731 amplificarunt.
529 2647 613 2709 Nam
644 2646 697 2727 (ut
717 2643 798 2706 haec
821 2639 1042 2738 quinctiliani
1068 2641 1143 2725 (lib.
1166 2643 1221 2704 IV.
1242 2639 1273 2707 3.
1297 2641 1313 2704 l
1337 2645 1426 2731 sqq.)
1459 2641 1562 2704 verba
1592 2641 1726 2716 addam,
1756 2665 1841 2729 qnae
1869 2645 1914 2708 de

234 2778 352 2830 nostro
380 2784 515 2850 quoque
543 2760 796 2853 quodammodo
827 2759 895 2847 dipl
923 2759 1079 2843 possunt)
1110 2758 1304 2845 „plerisque
1333 2759 1437 2822 moris
1468 2771 1527 2834 est,
1555 2760 1689 2843 prolate
1720 2770 1833 2831 retum
1857 2783 1914 2827 or·

233 2883 372 2966 diue‚²)
401 2878 556 2967 protinus
578 2875 693 2965 utique
715 2878 751 2942 in
781 2877 928 2966 aliquem
954 2879 1076 2940 laetum
1107 2898 1144 2939 ac
1165 2874 1377 2962 plausibilem
1401 2879 1522 2951 locum,
1553 2896 1652 2963 quam
1673 2878 1814 2941 maxime
1837 2902 1914 2965 pos-

232 2993 567 3099 siatiavcrabiliter‚
590 3006 776 3064 excurrere.
822 2995 922 3090 Quod
953 2992 1091 3081 quidem
1120 2984 1232 3057 nau·
1265 2993 1306 3054 ab
1330 2992 1552 3057 ostentatione
1574 2994 1822 3069 declamatoria,
1844 2996 1913 3059 iam

230 3116 269 3182 in
291 3121 401 3181 forum
424 3116 522 3189 tecit,
544 3102 716 3200 postquam
747 3132 846 3197 agero
876 3131 988 3174 causas
1008 3132 1079 3174 non
1103 3109 1145 3173 ad
1168 3109 1344 3174 utilitatem
1368 3108 1585 3194 litigatorum,
1607 3112 1668 3175 sod
1690 3111 1733 3174 ad
1753 3125 1914 3197 patrono.

231 3253 307 3300 mam
336 3230 548 3296 iactationem
577 3242 747 3314 repertum
778 3241 847 3293 est:
877 3250 921 3291 ne
951 3225 979 3291 si
1008 3212 1141 3312 pressae
1162 3225 1287 3292 illa-
1308 3226 1515 3291 narrationis
1533 3227 1710 3312 gracilitati
1733 3232 1914 3297 coniuncta

232 3352 506 3436 argumentorum
528 3346 719 3433 pugnacitas
741 3342 852 3422 inerit,
882 3344 996 3408 dilatis
1017 3340 1144 3407 diutius
1167 3342 1302 3407 dicendi
1325 3342 1551 3429 voluptatibus
1573 3346 1683 3443 oratio
1705 3346 1912 3432 refrigescat.

232 3471 273 3534 In
304 3488 371 3554 quo
401 3466 516 3532 vitium
544 3464 632 3530 illud
655 3477 715 3537 ost,
745 3462 837 3550 quod
867 3461 941 3526 sine
972 3459 1167 3524 discrimine
1199 3484 1368 3527 causarum
1400 3473 1433 3525 et
1454 3462 1606 3535 utilitatis
1634 3465 1710 3538 hoc
1739 3476 1911 3597 tamquam

228 3606 362 3693 semper
383 3584 549 3669 expediat,
569 3595 627 3649 aut
648 3581 746 3647 etiam
769 3578 975 3654 accessesit,
996 3579 1142 3654 faciunt:
1174 3600 1280 3667 eoque
1309 3592 1431 3643 sumtus
1454 3579 1557 3645 exiis
1579 3581 1738 3664 partibus,
1769 3552 1910 3677 qaiarum

231 3705 319 3769 alius
341 3714 412 3765 erat
415 3698 536 3776 'locun
564 3699 745 3765 sententias
773 3697 811 3762 iu
840 3699 927 3762 hane
955 3711 1151 3783 congerunt,
1180 3690 1219 3762 ut
1245 3696 1391 3782 plurima
1423 3711 1480 3781 aut
1508 3696 1629 3763 iterum
1657 3697 1805 3770 diceudo
1829 3701 1911 3776 sint,

377 3929 472 4006 1)cf.
493 3934 568 3986 Max.
590 3929 719 3992 Plauud.
737 3928 878 4025 prolegg.
876 3928 926 3987 ad
944 3930 1081 4010 Hermog.
1102 3915 1217 4007 ἃῦρεό.
1214 3932 1225 3957 ⁷
1249 3881 1343 3992 wala.
1362 3932 1397 3992 Τ.
1416 3932 1453 3993 V
1471 3954 1500 4011 p.
1521 3934 1575 3998 366
1591 3918 1647 3988 καὶ
1681 3914 1860 4006 ἆμιιρτᾶιέι
1888 3922 1909 3986 d

431 4033 540 4125 ῥήτωρ
560 4033 726 4123 χρώμενος
746 4028 879 4127 αὐτῇ
1803 4068 1806 4070 ’

376 4157 408 4226 2)
427 4154 696 4232 ipseilermagoraa
715 4152 834 4230 quidem
853 4150 1012 4211 secundnm
1024 4150 1206 4209 Ciceronia'
1196 4171 1227 4208 ιιι
1245 4149 1323 4215 libb.
1340 4153 1414 4213 rhet
1436 4110 1601 4211 doctrinam
1618 4151 1909 4236 degressiouem

429 4270 498 4337 post
514 4260 791 4337 argumentationem
811 4258 921 4339 posuit,
936 4255 991 4315 sed
1010 4254 1065 4311 hoo
1084 4256 1129 4311 nil
1148 4254 1222 4314 facit
1240 4257 1277 4323 ad
1297 4263 1503 4339 comiteque
1524 4273 1616 4318 tamen
1635 4281 1701 4317 cum
1719 4260 1772 4317 hac
1791 4259 1910 4338 degree

429 4361 695 4420 siouealtorum
714 4352 831 4445 genna
850 4352 1266 4461 narrationumeiusdem
1284 4366 1408 4423 uomiuia
1426 4344 1605 4424 confundere
1625 4365 1706 4429 licet
1724 4365 1770 4428 cf
1790 4366 1849 4422 cie.
1872 4364 1912 4422 da

430 4465 488 4523 inv.
510 4469 535 4524 1.
557 4473 600 4532 la
616 4472 663 4530 ti.
