4225 5442
1039 316 1318 409 ..3..'

279 552 282 565 ·
333 504 470 609 imperii
489 517 680 587 Domitiani
703 520 791 585 eirca
812 539 937 585 annum
958 516 1213 602 nonagesimum
1235 529 1311 602 post
1333 518 1393 585 ch.
1416 517 1584 603 scripsisse
1616 519 1754 585 videtur
1772 523 1818 603 ¹),
1841 540 1926 604 pauc

336 635 396 725 qui
417 638 657 720 hermagoram
679 634 841 710 viderint,
863 633 1072 721 sexagenarii
1093 631 1231 710 fuerint,
1251 634 1304 697 rol
1326 633 1583 720 septuagenarii,
1606 637 1695 701 iruna
1718 635 1892 701 Theodori
1932 675 1936 691 ι

312 751 457 841 1ᾗηιῙιιιιι
478 752 647 837 sexaginta
668 750 803 816 circiter
821 749 918 818 annis
941 763 1018 815 aute
1040 751 1140 814 etiarn
1158 746 1276 813 vixisse
1291 746 1402 834 primo
1419 749 1575 834 adspectu
1591 763 1746 837 apparet3
1777 752 1868 839 quod
1884 773 1930 838 qu

339 850 414 933 cum
431 854 600 933 Theodori
618 865 831 943 Gadarensis,
861 864 1099 952 praeceptoris,
1121 876 1226 929 aetate
1246 863 1552 948 optime-convenit.
1594 870 1693 931 linae
1714 866 1803 930 enim
1817 869 1935 952 Apoll·

340 980 549 1068 Pergameni,
571 981 629 1068 qui
654 980 795 1066 Augusti
817 980 974 1065 magister
995 979 1118 1062 suit‚2)
1138 978 1362 1044 adversarium
1384 982 1588 1045 nouaclum
1611 982 1836 1069 Suetoniusi)
1861 995 1895 1047 et
1926 993 1945 1043 t

339 1100 494 1187 atilianus
504 1100 540 1182 4)
565 1095 695 1162 Tiberii
717 1096 864 1162 Caesaris
884 1098 1136 1182 praeceptorem
1158 1094 1340 1179 appellant,
1371 1095 1552 1160 sedetiam
1585 1097 1752 1183 Strabo⁵)
1783 1098 1881 1162 claris
1914 1121 1948 1162 v

338 1207 511 1301 aequalem
533 1215 695 1287 nominat,
718 1212 808 1275 unde
823 1214 1078 1295 Hermagoram,
1102 1211 1226 1299 qnippe
1250 1210 1309 1297 qui
1329 1209 1595 1297 discipulus
1618 1200 1788 1278 Theodori
1814 1214 1925 1290 fuerit,

338 1329 454 1415 g'usti
476 1343 509 1393 et
530 1328 708 1395 maxime
724 1326 897 1392 Tiberii
917 1327 1317 1412 temporibusvixisse
1333 1341 1435 1412 patet,
1459 1327 1551 1415 quod
1568 1329 1692 1394 Suidae
1712 1329 1810 1394 etiarn
1829 1330 1954 1421 testimo

332 1446 532 1512 *confirmari
554 1444 680 1508 deinde
701 1442 904 1510 videbimus.
1964 1418 1968 1429 Ι

505 1566 620 1648 itaque
642 1563 937 1627 Westermannum
957 1558 1077 1637 miror,
1106 1580 1306 1648 quamquam
1337 1573 1515 1649 utrumque
1543 1565 1782 1647 Hermagoram
1812 1565 1898 1629 bena
1920 1552 1959 1628 no

337 1691 449 1744 tamen
470 1698 541 1742 non
562 1677 686 1762 ubique
708 1687 799 1738 recte
820 1676 1028 1753 distinxisse3
1051 1674 1175 1742 utiam
1197 1672 1279 1743 inde
1301 1690 1448 1763 apparet,
1471 1678 1574 1766 quod,
1595 1677 1654 1743 ubi
1669 1680 1711 1743 da
1733 1683 1840 1744 altero
1863 1682 1955 1767 loqui

337 1797 387 1885 (5.
410 1792 462 1869 88,
483 1794 552 1874 24.)
575 1791 618 1854 ad
649 1812 698 1866 ea,
730 1794 880 1877 quaeda
908 1807 1024 1859 nostro
1046 1795 1280 1880 disputaverat,
1303 1795 1348 1879 (ς.
1371 1788 1423 1863 83.
1445 1794 1512 1878 ll.)
1539 1794 1697 1859 hectorem
1724 1796 1875 1861 remittit.
1920 1798 1958 1859 Cr

340 1907 549 1975 confusionis
577 1919 610 1969 et
630 1906 718 1972 illud
740 1882 977 1974 documentum
999 1933 1069 1974 esse
1092 1913 1251 1985 arbitror,
1284 1908 1374 1995 quod
1398 1909 1564 1993 prioris
1591 1914 1817 1993 Hermagorae
1839 1915 1964 1995 fragma

337 2029 426 2109 apud
439 2027 596 2089 Senecam
616 2024 785 2088 rhetorem
802 2037 930 2108 exstare
944 2027 1083 2110 putavit.
1107 2028 1152 2111 (§.
1169 2022 1222 2100 83,
1242 2024 1309 2105 ll.)
1331 2027 1413 2099 Hoc,
1430 2023 1466 2088 ni
1483 2026 1595 2096 fallor,
1617 2018 1742 2089 oblitus
1760 2039 1841 2101 erat,
1864 2030 1948 2091 Sena

340 2136 443 2206 initio
463 2126 612 2203 controv.
631 2139 690 2203 lib.
713 2142 740 2205 Ι.
762 2139 872 2204 dicere
895 2141 1047 2217 „Juhetis
1071 2143 1130 2226 (sc.
1145 2140 1208 2205 filii
1229 2142 1366 2215 Novate,
1390 2140 1525 2217 Seneca,
1546 2144 1651 2226 Mela)
1674 2141 1756 2228 quid
1779 2141 1894 2207 dehis
1916 2146 1972 2208 de

338 2258 522 2330 uiatoribus
538 2255 688 2332 sentiam,
708 2255 768 2344 qui
789 2257 828 2322 in
848 2270 1035 2323 aetatem
1057 2277 1185 2321 meant
1208 2254 1479 2332 inciderunt,
1500 2256 1662 2340 judicare,
1683 2270 1716 2321 et
1736 2260 1765 2322 si
1788 2281 1853 2345 qua
1874 2279 1978 2335 meur

341 2379 436 2442 riae
459 2394 573 2437 meae
595 2375 747 2439 nondum
769 2376 880 2460 elapsa
900 2381 943 2442 ab
965 2378 1034 2442 illis
1056 2377 1145 2440 dieta
1161 2356 1335 2463 colligere.
1378 2379 1447 2471 Est,
1469 2378 1588 2450 fateor,
1610 2374 1792 2439 iucundum
1811 2376 1894 2439 mihi
1908 2341 1979 2440 redi

339 2491 376 2556 in
398 2490 535 2578 antiqua
556 2492 677 2568 studia,
709 2482 935 2579 melioresque
966 2496 1009 2559 ad
1033 2516 1142 2559 annos
1161 2495 1339 2579 respicere,
1368 2504 1402 2555 et
1422 2491 1519 2554 robis
1540 2489 1766 2576 querentibus,
1797 2493 1888 2575 quod
1911 2426 1987 2691 aaa}

342 2607 514 2694 opinionis
542 2610 631 2673 viros
658 2609 776 2673 audire
807 2631 877 2675 non
905 2609 1095 2696 potueritis,
1126 2602 1303 2673 detrahere
1333 2607 1439 2697 ipsam
1467 2619 1656 2691 temporum
1684 2605 1878 2671 iniuriam‘.
1928 2609 1966 2672 Io

340 2738 450 2789 tantae
470 2747 552 2791 vero
574 2725 750 2811 opinionis
767 2725 868 2802 viros,
905 2748 990 2814 quos
1013 2730 1138 2791 Seneca
1161 2724 1337 2799 audiverit,
1373 2722 1509 2789 nonnisi
1544 2726 1777 2815 Hermagoras,
1813 2722 1872 2809 qui
1899 2723 1965 2786 seri

341 2857 492 2935 tempore
505 2842 586 2909 uixit
596 2845 647 2928 ⁶),
665 2843 782 2909 haberi
795 2854 915 2929 potest,
926 2824 1038 2929 ‘quem
1058 2855 1092 2907 et
1105 2843 1213 2928 ipsum
1231 2841 1353 2906 artium
1368 2839 1612 2907 rhetoricarum
1626 2852 1795 2904 auctorem
1808 2842 1842 2928 ⁷)
1862 2840 1927 2903 hoc
1943 2860 1977 2901 sa

489 3059 519 3128 l)
540 3055 586 3119 (if,
605 3031 865 3114 westarmann
885 3060 912 3120 l.
934 3056 956 3121 Ῑ,
991 3050 1039 3120 Id..
1055 3056 1113 3120 Th'.
1131 3062 1157 3131 ς,
1175 3059 1219 3120 80.
1256 3044 1397 3126 Baehr,
1423 3054 1526 3118 Geseh,
1545 3055 1574 3117 d.
1600 3062 1676 3119 rim,
1694 3054 1756 3117 Lit,
1775 3048 1932 3110 Carishuhe
1951 3056 1994 3115 18}

537 3163 563 3232 h.
582 3164 635 3221 264
654 3170 684 3216 et
703 3167 728 3232 p.
746 3164 809 3223 265·

487 3285 517 3354 2)
537 3279 635 3341 strab:
657 3280 733 3341 xlll.
751 3302 784 3357 p.
802 3283 866 3344 625.
906 3263 1064 3335 Μάλιστα
1094 3267 1187 3356 ἐξῇρε
1206 3266 1267 3336 τὸν
1284 3263 1535 3355 Ἀπολλόδωρον
1551 3262 1576 3354 ἤ
1594 3268 1658 3335 rosi
1668 3268 1839 3352 Καίσαρος
1852 3269 1950 3352 ’φιλία
1971 3285 1994 3333 a.

537 3381 671 3470 peterse,
693 3381 943 3462 desiderandos
964 3386 1044 3450 τῶν
1065 3382 1200 3469 λόγων
1219 3382 1451 3470 γενόμενος.

486 3500 522 3572 3)·
537 3498 591 3559 rit.
613 3496 682 3558 Tib.
701 3515 727 3557 o.
746 3502 792 3559 57.
807 3500 814 3523 ‘
829 3501 917 3553 Saeva
937 3516 967 3552 aa
985 3498 1065 3554 lenta
1083 3509 1189 3554 natura
1208 3518 1244 3552 aa
1263 3498 1293 3552 in
1312 3495 1521 3575 puaro'·('i'ih.)
1537 3492 1655 3572 quidem
1667 3495 1777 3558 intuite
1803 3494 1994 3572 quaonThes

537 3601 658 3674 dorna
674 3598 891 3669 Gadareus,
911 3598 1142 3657 rhetoricae
1159 3612 1405 3680 praeceptor,
1422 3611 1455 3660 ‚et
1470 3601 1651 3680 perspexisse
1668 3601 1786 3679 primns
1801 3610 1830 3658 et
1847 3599 1994 3656 assimilass

438 3724 442 3749 ²
536 3706 684 3784 aptissima
702 3705 786 3762 visus
802 3715 855 3766 ast.

486 3814 521 3884 4)
535 3811 608 3870 Inst.
627 3810 736 3872 or.·ill.
755 3818 781 3873 l.
801 3815 843 3881 16.
880 3807 1052 3866 Theodorus
1078 3806 1241 3878 Gadareus,
1270 3809 1323 3885 qui
1342 3829 1376 3866 ae
1396 3807 1459 3866 diei
1474 3808 1580 3865 maluit
1597 3806 1757 3875 Rhodium,
1782 3828 1868 3885 qnam
1885 3805 1994 3864 stadios

538 3911 786 3992 audiisse,·qurun
805 3914 836 3970 in
855 3934 918 3970 earn
935 3893 1060 3970 insulani
1079 3913 1232 3978 arcessiret,
1251 3910 1364 3970 dicitnr
1382 3913 1520 3973 Tiberius
1538 3916 1649 3974 Caesen
1669 3913 1707 3975 of.
1726 3917 1806 3974 Suet.
1825 3911 1895 3971 Tib.
1911 3931 1937 3973 o.
1955 3915 1994 3976 11.

486 4038 521 4107 5),
537 4033 638 4098 Strab,
654 4037 740 4096 xvl.
767 4056 799 4113 p.
817 4038 871 4096 toa
891 4020 930 4090 ἐκ
948 4018 983 4087 δὲ
1003 4022 1075 4087 caia
1093 4016 1257 4105 Γαδάρων
1276 4055 1318 4069 -·
1342 4017 1516 4106 Θεόδωροὲ
1534 4016 1556 4085 ὅ
1573 4025 1659 4086 καθ
1673 4013 1787 4103 ’ἡμᾶς
1806 4015 1947 4106 ῥήτωρ.

487 4157 519 4227 6)
537 4156 616 4212 Num
633 4153 708 4212 idem
728 4155 776 4224 sit,
793 4133 850 4232 qui
862 4149 942 4233 apud
956 4149 1208 4213 hierimPlanud.
1225 4142 1311 4221 σχολ.
1325 4137 1373 4213 εἰς
1380 4151 1472 4202 στοιὸι
1492 4153 1528 4216 Τ,
1546 4153 1583 4213 V,
1599 4171 1630 4227 p,
1640 4150 1706 4209 337.
1721 4144 1816 4203 Wala.
1830 4128 1994 4221 Ἑρμαγ(

539 4283 613 4346 ρας
634 4259 653 4328 ό
674 4260 869 4353 νεώτερος
885 4275 1065 4356 appellatur,
1083 4270 1188 4335 deinde
1206 4268 1382 4328 ridebimus,

488 4378 522 4450 i)
539 4373 636 4467 Str-ah.
648 4366 734 4443 xm,
752 4368 815 4443 6OE
1295 4393 1301 4399 ·
