4225 5442
282 493 495 582 pendentem,
522 492 666 557 sitem
696 489 739 554 ad
769 488 898 555 eaium'
917 483 1079 572 temporis
1099 482 1450 571 semetsemet
1480 508 1550 552 esse
1581 486 1770 553 rideantur·
1817 466 1954 553 Accedit

283 607 379 696 qnod
409 609 656 708 ipaieotilienus
677 608 741 671 illo
769 607 847 670 loeo
877 604 923 668 de
950 600 1084 667 numeri
1121 601 1316 667 differentia
1355 604 1456 669 nihil‘
1474 603 1567 667 dicit.
1584 598 1620 689 ²)
1677 603 1813 668 Deinde
1838 586 1955 679 tanaim

281 727 396 803 ύιιι,
417 739 455 790 ιιι
472 744 517 792 ex
535 724 668 800 ordine,
689 744 757 811 quo
776 725 998 805 Hermagoras
1021 718 1238 782 Theodoreus
1260 716 1411 804 excipiat,
1432 722 1573 784 alterum
1594 716 1765 787 rhetorem
1786 718 1957 785 nominari

281 842 393 926 possit
419 840 597 916 ooneludi,
626 853 665 904 ιιι
694 835 899 919 eontrarium
930 835 1012 900 inde
1041 848 1210 922 sequatur.
1254 837 1298 898 Ut
1326 833 1417 900 enim
1454 836 1662 912 omittamus,
1691 858 1710 899 a
1739 811 1959 929 Quintilliani

285 958 311 1021 l,
334 959 355 1020 Ι.
377 978 448 1021 non
469 956 633 1042 temporis
655 954 829 1027 ordinem,
849 951 908 1015 sed
931 971 1044 1015 rerum
1066 949 1210 1036 respici,
1239 952 1379 1014 alterum
1398 953 1642 1036 ,Hermagoram
1665 949 1773 1035 ipsum
1794 951 1837 1019 ad
1860 944 1960 1017 theol

286 1072 471 1139 domorum
501 1084 621 1137 saetam
652 1068 853 1154 pertinuisse
880 1064 1020 1141 scimus,
1050 1068 1106 1131 oui
1136 1066 1202 1130 nisi
1225 1066 1323 1131 elaris
1345 1065 1457 1131 verbis
1478 1064 1514 1128 id
1538 1066 1699 1142 addatur,
1728 1070 1899 1152 proiecto,
1932 996 1963 1132 nl

281 1189 374 1273 apud
399 1185 664 1286 quintillianum
690 1176 851 1266 legimns,
881 1182 1011 1268 opponi
1037 1203 1109 1246 non
1136 1191 1255 1266 potest
1321 1176 1478 1266 Denique
1502 1180 1747 1274 Quinctilium
1776 1182 1964 1271 ubieunque

285 1304 336 1369 de
362 1316 438 1369 arte
461 1316 498 1367 et
517 1300 701 1387 praeoeptis
722 1303 948 1383 Hermagorae
969 1297 1140 1384 loquitur,
1168 1298 1366 1382 plerumque
1388 1293 1431 1359 de
1452 1309 1568 1362 nostro
1590 1297 1675 1383 agit,
1704 1319 1811 1384 neque
1834 1301 1905 1365 ulio
1927 1324 1964 1365 ex

280 1423 363 1489 -leee
391 1417 529 1483 alterius
558 1436 693 1502 quoque
721 1419 949 1499 Hermagorae
976 1409 1101 1495 scripta
1130 1409 1227 1476 illum
1257 1424 1335 1474 ante
1364 1415 1481 1478 oeulos
1511 1414 1666 1478 habuisse
1696 1422 1796 1500 patet.
1851 1418 1969 1497 Fuisse

279 1535 423 1623 quidem
451 1535 554 1597 salsos
583 1534 690 1597 libros
721 1528 861 1594 nomine
880 1531 1110 1610 Hermagorae
1137 1525 1317 1612 inscriptos
1348 1528 1514 1605 vidiacum
1544 1531 1605 1594 lros
1635 1544 1744 1596 antem
1772 1533 1971 1613 aCarione

281 1670 362 1723 ,esee
385 1648 592 1735 compositos
621 1668 663 1709 eo
692 1645 797 1728 magis
825 1664 846 1706 a
865 1662 951 1712 roro
971 1643 1143 1717 abhorret,
1174 1666 1243 1733 quo
1265 1644 1399 1710 facilius
1422 1644 1681 1737 Quinctilium,
1702 1646 1760 1735 qui
1782 1649 1843 1713 hae
1863 1648 1907 1712 de
1928 1671 1973 1721 re,

231 1784 237 1795 ·
279 1765 429 1840 dubitat,
464 1762 555 1848 apud
585 1761 751 1847 aequales,
785 1758 844 1847 qui
883 1778 959 1822 eum
988 1758 1147 1833 viderint,
1183 1758 1354 1825 veritatem
1391 1761 1490 1825 huius
1528 1762 1578 1826 rei
1607 1764 1793 1848 comperire
1822 1775 1964 1848 poterat.

251 1954 268 1983 ,
280 1879 676 1962 driade-Hermagorae
693 1886 815 1951 antone
837 1895 937 1963 quem
963 1875 1212 1971 Quinetiiianus
1226 1875 1401 1959 signifieat,
1423 1874 1516 1939 illam
1529 1878 1672 1960 partium
1691 1867 1976 1944 distributioneml

281 2016 362 2071 eme
394 2014 495 2061 nemo
533 1992 723 2067 oontendet,
762 1990 821 2078 qui
850 2011 962 2077 nequo
992 1987 1215 2087 quinctiliani
1242 1986 1343 2085 huius
1370 1992 1422 2052 rei
1458 1989 1663 2055 mentionem
1694 1991 1821 2067 iecisse,
1856 1982 1980 2091 requei¹

282 2113 436 2187 omnino·
457 2129 587 2177 mirsam
616 2130 687 2173 esse
714 2106 897 2191 intelliget,
926 2127 987 2175 eur
1014 2127 1033 2169 a
1055 2117 1173 2171 nostro
1204 2104 1409 2180 recedamus,
1438 2105 1544 2170 modo
1572 2107 1721 2192 singulas
1741 2118 1853 2194 partes
1876 2124 1967 2175 recte·

285 2247 536 2314 eompooamus.
563 2227 786 2309 Hermagoras
807 2221 898 2288 enim
919 2235 953 2287 et
973 2224 1056 2308 ipse,
1078 2233 1116 2287 ut
1135 2220 1300 2310 plerique,
1322 2219 1515 2308 quinque
1545 2236 1693 2308 partes
1715 2225 1965 2297 rhetoricae

260 2340 384 2411 'dieite
419 2343 630 2408 iudicium
665 2343 736 2408 sire
763 2336 993 2433 inventionem
1027 2336 1206 2426 (εὕρεσιν),
1236 2336 1436 2403 ordinem
1466 2335 1603 2424 (τάξιν),
1633 2340 1692 2428 qui
1729 2341 1804 2406 duo¹
1840 2364 1964 2427 mirera

282 2453 505 2549 punitionem
527 2470 560 2525 et
581 2438 838 2541 dispositionem
859 2475 887 2521 e.
908 2452 1067 2518 ordinem
1088 2454 1226 2538 propria
1241 2452 1486 2540 significatione
1507 2458 1796 2540 complecteretur,
1818 2474 1851 2526 et
1872 2464 1964 2526 elo.

281 2578 519 2665 ¹tutionem,
541 2571 698 2662 (φράσιν)
720 2593 806 2660 quae
818 2584 887 2637 tres
908 2583 1018 2654 partes
1039 2570 1210 2639 communi
1230 2571 1419 2657 οἰκονομίας
1440 2571 1667 2655 appellatione
1682 2573 1959 2652 continebantnr;

281 2708 438 2785 'quartam
465 2706 592 2779 partem
622 2689 866 2757 memoriam
906 2683 1136 2772 (μνήμην)·ιι
1170 2684 1320 2770 quintam
1343 2685 1557 2751 actionem
1596 2704 1634 2751 a,
1651 2686 1962 2772 pronuntiationem

285 2807 479 2898 (ὑπόκρισιν
493 2833 519 2874 s.
533 2800 739 2892 ὑποφοράν).
783 2805 969 2890 sequamur
989 2799 1149 2889 deinceps
1169 2815 1319 2867 nostrum
1341 2824 1403 2888 per
1423 2815 1535 2890 partes
1556 2802 1751 2883 rhetorices,
1772 2805 1817 2871 ita
1840 2820 1877 2872 nt
1895 2810 1967 2872 ini.

281 2927 370 3021 Ham
391 2926 548 2990 dommus
577 2923 619 2986 ab
649 2918 936 2992 intentione,
973 2917 1027 2982 eui
1049 2938 1130 3004 prae
1152 2919 1270 2985 ceteris
1291 2932 1416 2985 tantam
1440 2941 1576 3004 operam
1598 2921 1732 2988 dedisse
1752 2923 1896 3004 ridetur,
1925 2939 1962 2990 ιιι

183 3041 197 3053 ”
284 3041 403 3128 lraoin
424 3063 461 3108 re
483 3040 607 3127 optime
629 3038 673 3104 de
693 3047 764 3103 arte
786 3033 933 3105 oratoria
955 3053 1031 3101 eum
1053 3054 1124 3099 essa
1148 3031 1306 3105 meritum
1328 3035 1445 3123 negari
1465 3059 1537 3105 non
1557 3037 1673 3124 possit

281 3220 678 3247 m

428 3329 460 3399 l)
478 3331 523 3385 lta
541 3331 630 3390 Anat,
648 3324 686 3385 ad
703 3325 902 3390 iteritatis
922 3333 948 3392 9.
970 3331 1004 3390 16
1021 3324 1192 3408 distinguit,
1210 3327 1294 3386 enine
1322 3321 1458 3385 doctrina
1478 3346 1604 3396 onmes,
1631 3348 1718 3407 qnam
1737 3327 1839 3386 Cicero
1858 3326 1888 3385 in
1903 3329 1960 3387 lib.

283 3446 299 3457 ··
381 3486 388 3497 ,
479 3428 553 3486 riret.
577 3422 746 3509 proposuit,
773 3431 921 3510 congruit,
945 3441 974 3490 et
999 3433 1063 3512 ipra
1087 3453 1122 3489 ex
1140 3414 1224 3490 iilius
1244 3434 1382 3514 temporis
1401 3433 1514 3489 artibus
1533 3431 1652 3491 videtur
1667 3431 1799 3512 profecta
1817 3452 1884 3490 esse.
1912 3432 1960 3490 cf.

478 3534 598 3602 Quiriti.
617 3534 665 3596 lll.
683 3542 710 3598 9.
729 3542 747 3598 2
764 3534 818 3591 ubi
836 3537 1027 3614 partitionem
1045 3534 1246 3615 dispositionis
1266 3537 1388 3616 speeiem
1414 3522 1552 3615 appellat
1574 3534 1728 3599 Vlt.1.1‚

427 3643 460 3712 2)
480 3637 592 3694 Similis
611 3639 689 3696 ratio
708 3638 781 3695 milri
801 3624 1008 3708 videturesse,
1026 3661 1102 3718 qnae
1120 3642 1152 3697 in
1169 3640 1405 3699 antecedentibus
1425 3640 1485 3716 (111,
1502 3643 1530 3702 3.
1548 3644 1581 3714 9)
1599 3651 1653 3710 ιιι,
1671 3642 1725 3698 abi
1741 3642 1908 3711 Ciceronem
1927 3642 1960 3696 iis

466 3736 634 3799 'rhetoricis
660 3740 804 3800 indicium
831 3743 994 3801 inventioni
1016 3744 1176 3801 subiecisse
1200 3744 1285 3809 dicit,
1328 3747 1430 3820 Neque
1455 3754 1547 3801 tamen
1574 3747 1677 3801 Cicero
1701 3765 1751 3802 sex
1770 3743 1957 3820 eloquentiae

477 3855 577 3925 partes
603 3845 634 3900 in
657 3845 714 3902 illo
739 3845 832 3914 libro,
860 3845 911 3905 sed
929 3848 1063 3926 quinque
1079 3849 1244 3906 constituit.
1289 3847 1485 3916 Quamobrem
1504 3850 1731 3917 Quinotilianns,
1757 3847 1810 3924 qni
1828 3847 1860 3902 in
1877 3868 1957 3941 seqq⁶

476 3947 563 4017 dicit,
586 3949 757 4007 ciceronem
782 3949 814 4007 in
837 3961 932 4032 partt.
957 3963 1045 4014 oratt.
1069 3950 1107 4009 ad
1132 3951 1254 4020 easdem,
1283 3951 1447 4029 dequibus
1472 3972 1561 4032 snpra
1578 3951 1691 4011 dictam
1709 3962 1763 4020 est,
1782 3953 1956 4030 quinque

474 4054 627 4133 pervenire
652 4064 758 4133 parter,
785 4053 816 4111 id
841 4065 956 4113 tantum
982 4055 1040 4112 silai
1068 4056 1197 4113 voluisse
1213 4055 1343 4126 videtur,
1371 4067 1405 4114 nt
1422 4056 1592 4114 Ciceronem
1609 4068 1709 4136 postea
1727 4052 1872 4114 indicium
1892 4067 1956 4119 ιιιιι.

474 4172 562 4228 qnam
578 4167 690 4236 partem
709 4157 883 4215 inventionis
902 4159 1042 4226 omisisse,
1061 4170 1092 4216 et
1108 4160 1184 4217 solas
1207 4159 1340 4240 quinque
1358 4160 1424 4217 illas
1439 4171 1546 4253 partes
1564 4157 1749 4216 constituisse
1764 4170 1891 4239 putaret,
1908 4163 1954 4220 lta

471 4254 607 4317 leotiooie
626 4262 801 4345 mutatione,
816 4283 902 4340 quam
920 4260 1021 4347 Spald.
1040 4263 1078 4324 sd
1094 4264 1126 4331 la,
1144 4263 1178 4335 l„
1195 4265 1332 4343 alioquin
1345 4264 1459 4346 optima
1474 4263 1510 4320 ab
1529 4283 1564 4320 eo
1582 4261 1771 4333 illustratura,
1785 4266 1954 4345 proposuit,

446 4434 451 4441 .
472 4378 548 4440 opus
566 4361 628 4437 noir,
642 4377 696 4430 eet.
