4225 5442
1056 1959 1252 1984 Q*

457 2270 553 2404 Qui
588 2291 792 2411 singulari
826 2296 1054 2413 scriptione
1090 2296 1273 2411 aliquam
1300 2294 1565 2413 antiquitatis
1592 2307 1757 2412 partem
1784 2292 1956 2382 illustra·

321 2435 417 2525 dam
445 2441 525 2525 sibi
552 2457 878 2558 proposuerunt,
906 2445 960 2528 iis
987 2444 1069 2528 hoc
1096 2444 1200 2528 mihi
1227 2473 1330 2559 pme
1350 2445 1501 2527 ceteris
1528 2442 1732 2559 agendum
1772 2472 1860 2527 esse
1879 2444 1962 2577 vid}k

322 2602 408 2693 Μ’,
450 2604 499 2676 nt
538 2619 623 2674 non
664 2589 799 2678 solum
836 2606 968 2679 totam
1002 2592 1083 2678 sibi
1119 2595 1342 2679 mesenam
1377 2607 1421 2675 et
1449 2589 1622 2675 disiecta
1651 2589 1770 2703 quasi
1798 2582 1965 2707 membri1

320 2751 523 2850 quantum
552 2737 648 2822 fieri
675 2746 829 2853 potest,
869 2739 1083 2856 colligant,
1111 2739 1185 2824 sed
1212 2738 1386 2858 providi
1414 2740 1540 2823 ctiam
1567 2739 1777 2851 cautique,
1806 2767 1947 2853 nequ

318 2899 479 2970 temere
506 2883 824 3000 amplectantur,
864 2918 890 2972 a
918 2887 1035 2973 falsis
1065 2916 1163 2973 vera
1195 2903 1310 2971 recte
1339 2885 1597 2983 dirimentes,
1623 2885 1790 2993 judieii
1818 2888 1949 2969 sanita

320 3042 366 3117 ct
402 3028 631 3149 prudentia
669 3033 828 3150 ubique
868 3048 1054 3127 utantur.
1108 3034 1275 3120 Etenim
1316 3064 1445 3149 quum
1482 3032 1656 3149 quaevis
1693 3031 1970 3150 monographi

317 3190 529 3295 tamquam
558 3209 757 3268 excursus
785 3180 933 3268 haberi
960 3185 1105 3300 possit,
1135 3186 1354 3269 universae
1383 3179 1511 3265 alicui
1534 3178 1790 3295 disciplinae*
1808 3178 1971 3269 additus

319 3340 366 3412 et
403 3325 670 3442 plenissimae
708 3348 755 3416 et
791 3332 1120 3419 accuratissimae
1153 3330 1407 3447 singularum
1444 3356 1587 3419 rerum
1615 3325 1891 3444 descriptioni
1919 3327 1966 3414 hi

317 3477 520 3589 proprius
547 3470 664 3561 locus
693 3493 769 3562 ert.
826 3479 977 3596 Neque
1008 3492 1143 3563 tamen
1170 3477 1253 3561 hoc
1279 3474 1581 3594 negligendum
1608 3470 1697 3558 esse
1720 3472 1903 3562 dixerim
1932 3491 1971 3561 ut

318 3625 529 3709 raucum
554 3600 783 3742 viamque,
806 3655 891 3742 qua
930 3601 1016 3712 sint
1053 3626 1238 3742 ingressi,
1278 3622 1518 3710 luculenter
1544 3619 1779 3720 ostendere,
1808 3619 1971 3738 singula

320 3800 497 3899 rumque
524 3775 711 3899 partium
733 3774 1066 3874 concinnitatem,
1095 3774 1231 3891 qualis
1251 3773 1423 3859 artificii
1446 3799 1534 3855 esse
1555 3767 1678 3871 solet,
1706 3770 1971 3884 maximopeu

319 3922 519 4038 consequi
548 3919 756 4009 studeant·

449 4066 581 4179 Quod
617 4073 699 4158 etsi
736 4071 843 4157 bene
881 4072 1090 4192 cognitum
1121 4099 1148 4155 o
1179 4099 1247 4156 nac
1275 4083 1321 4157 et
1348 4062 1610 4154 intellectum
1637 4065 1706 4163 sit,
1743 4089 1799 4146 ue
1823 4091 1852 4151 ¹u
1879 4061 1971 4149 siris

209 4266 214 4287 ·
318 4210 454 4302 doctis
483 4211 720 4305 dissertatio
749 4249 842 4339 mea
868 4220 929 4306 itu
956 4221 1208 4319 aestimetur,
1245 4231 1295 4304 ut
1328 4219 1422 4336 ipsa
1450 4212 1529 4299 ille
1556 4222 1781 4328 praecepte
1808 4207 1863 4293 ad
1890 4239 1971 4295 cen-

319 4391 457 4453 suram
484 4360 724 4466 adhibeant,
760 4369 843 4456 hoc
870 4399 941 4456 eos
968 4383 1164 4488 reputare
1193 4363 1336 4465 velim,
1380 4364 1495 4449 inter
1520 4359 1733 4446 scientiam
1760 4372 1805 4444 et
1832 4358 1971 4444 facua
