4225 5442
923 354 973 373 ...
1045 266 1255 397 φρ,

222 508 272 577 ibi
294 522 368 576 crta
388 511 450 578 diu
469 507 585 597 riguit,
605 506 699 574 cuius
717 509 809 574 inter
828 523 1059 596 praeceptores
1078 503 1234 590 inprimis
1250 513 1534 597 Hermagoran
1552 516 1586 597 ¹)
1608 507 1725 577 rhetor
1740 522 1774 576 et
1787 510 1893 596 Apol·
1914 560 1919 565 .

221 626 335 693 lenius
354 625 609 701 Alabandensis,
631 625 830 713 cognomine
846 626 1006 697 Molonis,
1027 623 1265 690 excelluerunt.
1307 630 1458 723 Quorum
1478 626 1538 690 ills
1558 644 1661 710 quum
1681 646 1751 691 non
1771 626 1900 721 solun,
1972 656 1975 661 ·
2050 612 2055 619 ’

223 756 261 808 ut
281 743 377 819 alter,
406 744 548 829 primam
579 744 650 807 fere
677 742 798 808 summi
824 738 969 805 Romani
995 739 1151 806 oratoris,
1170 740 1414 807 iustitutionem
1445 754 1534 807 certe
1555 739 1688 825 scriptis
1708 743 1778 806 suis
1798 738 1835 806 in
1857 762 1892 804 se

113 942 115 951 y
224 857 417 946 susceperit,
438 859 495 923 aed
518 858 618 923 etlam
641 860 731 923 velut
750 855 919 945 propriam
940 855 979 921 in
999 866 1071 920 arte
1092 855 1240 920 oratoria
1260 856 1346 921 riam
1368 834 1541 945 feceritl),
1571 832 1670 942 vitam
1692 855 1766 922 eius
1785 868 1820 921 et
1839 854 1892 926 in·

223 977 360 1064 genium
382 988 551 1064 artemque
572 974 757 1040 accuratius
777 970 979 1059 describere,
1000 994 1123 1057 operae
1143 973 1287 1056 pretium
1308 972 1443 1038 videtur
1464 995 1546 1038 esse.

389 1094 422 1155 Is
449 1104 557 1157 autem
588 1091 671 1174 ipse,
700 1089 791 1171 cujus
813 1087 1004 1154 doctrinam
1026 1088 1222 1158 Ciceronem
1251 1089 1290 1153 in
1317 1086 1563 1154 rhetoricorum
1585 1112 1610 1154 s.
1633 1091 1676 1155 de
1696 1088 1892 1153 inventione

221 1205 331 1282 libris,
352 1209 410 1295 qui
430 1218 601 1281 vocantur,
622 1216 863 1270 aerumnosae
884 1218 1014 1271 cunstat
1026 1207 1071 1292 ⁸),
1095 1205 1309 1290 diligentem
1325 1204 1457 1269 nunnus
1472 1205 1555 1277 'aliis
1576 1207 1724 1271 eiusdem
1746 1203 1893 1272 nominis

222 1325 416 1392 hominihus
437 1319 693 1404 distinguendus
715 1332 788 1385 ert:

376 1442 473 1504 ,Nam
492 1433 711 1533 Quinctiliani
725 1436 792 1501 iam
807 1437 1014 1520 temporibus
1028 1444 1144 1502 noster
1155 1459 1229 1502 cnm
1242 1438 1319 1502 aliis
1340 1439 1498 1503 contusus
1518 1460 1588 1503 esse
1608 1438 1755 1506 videtur.
1786 1440 1894 1513 „Sunt

221 1554 374 1639 inscripti
395 1554 432 1616 in
447 1550 529 1616 inst.
551 1572 601 1615 or.
624 1551 683 1614 lib.
706 1554 768 1616 111.
790 1549 822 1627 5,
845 1553 896 1616 14.
923 1552 1046 1642 inquit,
1081 1556 1219 1619 nomine
1239 1556 1465 1638 Hermagorae
1485 1554 1578 1630 libri,
1600 1554 1675 1642 (qui
1697 1555 1894 1617 confirmant

221 1674 316 1740 illam
337 1670 550 1755 opinionem)
579 1669 647 1746 siva
674 1669 776 1733 falsas
797 1680 847 1731 est
866 1645 994 1744 titulus,
1022 1669 1113 1734 sire
1134 1670 1246 1736 alius
1266 1670 1337 1734 bic
1355 1672 1645 1756 Hermagoras
1664 1668 1763 1734 fuit.
1806 1672 1894 1734 Nam

221 1789 372 1855 eiusdem
392 1807 464 1849 esre
485 1784 658 1871 quomodo
678 1795 827 1870 possunt,
848 1783 906 1870 qui
929 1787 971 1849 de
992 1786 1054 1850 bac
1074 1807 1111 1851 re
1132 1784 1334 1850 mirabiliter
1353 1774 1458 1851 malta
1478 1784 1697 1872 composuitt‘
1717 1826 1761 1843 μ-
1782 1789 1893 1885 Quare

221 1927 265 1973 ae
286 1905 348 1969 hac
372 1901 588 1986 ambiguitate
616 1900 851 1985 impediamur,
880 1920 963 1967 nete
991 1898 1027 1968 in
1054 1902 1160 1967 aliam
1187 1904 1437 1977 transferamus,
1459 1922 1544 1990 quae
1566 1903 1674 1969 nostri
1697 1902 1774 1980 sint,
1803 1916 1836 1967 et
1856 1902 1894 1967 in

220 2033 372 2089 nostrum
394 2017 514 2093 aliena,
536 2028 611 2083 ante
632 2015 746 2080 omnia
767 2037 855 2091 eum,
877 2017 1008 2104 dequo
1029 2017 1248 2103 disputamus,
1270 2018 1446 2104 areliqnis
1467 1996 1643 2103 saimqere
1662 2034 1747 2102 opus
1764 2030 1835 2094 ‘est3
1859 2033 1894 2083 et

221 2138 368 2225 primum
391 2135 527 2225 quidem
549 2134 591 2197 ab
612 2130 995 2217 Ampb'ipolitano,
1022 2153 1121 2219 quem
1144 2134 1265 2198 Suidas
1286 2157 1313 2206 s.
1333 2154 1365 2198 a.
1388 2146 1635 2211 commemorat,
1662 2131 1895 2221 qui‘Epucyd-
2034 2210 2036 2219 Ι

134 2318 138 2321 ,
201 2245 734 2342 spesqinquit'Anantotlcqc,
750 2243 995 2331 φιλόσοφος,
1007 2243 1158 2334 μαθητής
1173 2252 1341 2336 Περσαίου
1356 2245 1506 2334 διάλογοι
1520 2246 1706 2316 Marmaricae
1722 2247 1753 2331 ἄ,
1770 2249 1845 2335 περὶ
1860 2273 1893 2314 α·
1976 2228 1979 2232 ⁴

222 2363 425 2451 τυχημάτων,
437 2362 574 2449 iaqumu
588 2359 699 2430 decadi
716 2363 797 2445 (leg.
813 2359 929 2445 ἔτιδὲ)
945 2357 1122 2446 οἰοσκοπία,
1138 2363 1213 2449 περὶ
1227 2365 1414 2449 σοφιστείας
1428 2360 1511 2450 πρὸς
1525 2359 1771 2450 Ἀκαδημικούς,
1793 2383 1891 2449 quem

222 2492 378 2549 anostro
401 2478 567 2543 diversum
589 2499 672 2552 esse,
702 2498 743 2540 eo
764 2477 897 2541 facilius
919 2490 969 2541 est
989 2479 1174 2556 intellectu,
1196 2502 1264 2567 quo
1285 2479 1396 2547 minna
1415 2481 1479 2546 illo
1499 2491 1652 2566 tempore
1672 2479 1712 2556 is,
1738 2474 1797 2565 qui
1817 2479 1894 2565 phi·
2024 2520 2027 2521 ν

222 2598 409 2682 losopbianr
434 2595 620 2682 profitetur,
652 2612 726 2659 cum
748 2594 884 2657 rhetore
905 2595 1068 2661 confundi
1088 2609 1208 2681 potest,
1237 2595 1335 2682 (licet
1354 2596 1549 2683 philosophi
1569 2597 1750 2671 interdum,
1772 2608 1809 2660 ut
1829 2597 1895 2661 Po·

223 2714 387 2791 sidonius,
417 2714 460 2777 de
489 2724 560 2775 arte
576 2709 712 2775 dicendi
733 2708 961 2795 disputarent)
982 2733 1090 2801 neque
1112 2712 1234 2801 scripta
1255 2714 1348 2779 illins
1369 2735 1444 2780 cum
1466 2715 1563 2779 libris
1584 2711 1764 2778 rhetoricis
1785 2712 1893 2777 nostri

223 2831 407 2919 quidquam
425 2849 599 2893 commune
617 2827 751 2908 habent,
773 2831 1121 2918 praeterquamquod,
1143 2816 1303 2918 thntum
1320 2832 1474 2918 equidem
1491 2829 1575 2906 scio,
1597 2852 1660 2895 nos
1681 2830 1775 2895 omni
1794 2824 1895 2893 buius

222 2947 418 3036 philosophi
437 2934 560 3011 notitia
581 2945 681 3029 plane
704 2943 854 3009 destituti
874 2960 997 3010 sununs.
1071 3026 1075 3029 Β

387 3060 469 3128 Alia
489 3081 585 3126 causa
607 3056 745 3125 alterins
765 3070 816 3124 eat
838 3060 1064 3125 Theodori
1088 3062 1353 3128 Gadarensis
1379 3061 1610 3147 discipuli,
1635 3062 1732 3126 cuins
1753 3073 1892 3129 aetatem

224 3192 363 3266 atquae
391 3176 532 3243 omnino
561 3176 604 3240 de
626 3195 666 3238 eo
688 3186 854 3265 constent,
872 3174 1012 3260 propius
1034 3176 1243 3263 circumspici
1264 3200 1397 3243 necesse
1419 3192 1482 3256 est,
1499 3181 1691 3266 priusquam
1713 3179 1755 3243 ‘de
1777 3190 1894 3243 nostro

224 3283 453 3362 decernamus.
495 3292 645 3359 Primum
674 3290 778 3376 igitur
806 3313 856 3368 ea,
889 3313 974 3378 quae
996 3294 1286 3391 quinctilianus&
1309 3295 1361 3361 bis
1388 3295 1497 3361 verbis
1519 3297 1700 3360 memoriae
1722 3294 1894 3381 prodidit:
1922 3364 1924 3367 .

225 3410 345 3501 „plura
366 3410 565 3478 Theodorus
593 3408 735 3495 scripsit,
766 3409 889 3473 cuius
917 3411 1165 3476 auditorem
1195 3396 1502 3498 Hermagoram
1532 3427 1649 3491 sunt,
1680 3411 1752 3502 qni
1781 3412 1896 3490 vide7

223 3532 356 3608 rint.“,
375 3542 466 3595 recte
485 3524 718 3612 reputantibus
737 3525 827 3589 hunc
846 3526 909 3590 snb
922 3529 1073 3612 Augusto
1096 3540 1128 3592 et
1142 3528 1278 3595 Tiberio
1295 3529 1415 3595 vixisse
1437 3543 1697 3594 consentaneum
1717 3526 1895 3592 videbitur.
1916 3522 1921 3529 ’

294 3666 299 3677 “
406 3648 492 3713 Nam
511 3652 550 3710 ut
567 3641 657 3707 inter
675 3643 832 3731 nequales
851 3642 1086 3739 quinctiliani„
1105 3647 1163 3732 qui
1183 3644 1410 3715 institutiones
1431 3668 1506 3711 snas
1527 3626 1689 3710 oratorias
1710 3646 1770 3710 sub
1794 3645 1894 3709 finem

225 3818 620 3842 W

372 3947 404 4020 l)
421 3942 486 4001 Hac
506 3960 586 4000 casas
605 3938 781 3997 nominativi
797 3938 891 3998 i'orma
916 3938 966 3997 'nti
988 3939 1103 4008 licebit,
1128 3960 1305 4019 quemqnam
1327 3916 1499 3999 cicaronem
1515 3941 1733 4012 Quinctilium
1751 3939 1819 4004 inst.
1847 3958 1897 3996 ors

421 4047 479 4110 lib,
496 4050 526 4110 1,
541 4049 568 4113 d,
586 4047 633 4107 el,
665 4044 852 4123 Hermagora,
870 4065 931 4133 non
945 4046 1139 4128 Hermagoras,
1155 4047 1264 4106 dixisse
1281 4046 1420 4112 affirmat,

375 4158 406 4227 2)
427 4151 546 4219 Qninnt.
565 4148 638 4211 inat,
653 4166 701 4212 or,
714 4150 777 4215 ΙΙΙι
795 4152 821 4217 l,
841 4153 889 4216 lb,
1094 4145 1098 4152 ¹

261 4238 286 4263 '¹
332 4269 341 4311 ⁷.
372 4261 405 4332 a)
424 4256 546 4324 quince.
562 4254 623 4315 111.
642 4255 686 4318 ιι,
704 4257 749 4318 aa.
831 4328 836 4337 ι
955 4228 959 4235 ’

373 4365 405 4437 4)
426 4363 496 4426 [nat.
515 4378 560 4423 or,
578 4361 639 4429 ΙΙΙ,
657 4362 686 4420 lc
702 4369 731 4428 8.
