4225 5442
966 360 1024 406 ··-··-
1084 328 1150 432 ’le
1207 342 1299 405 ’-'

270 529 471 641 'politanae
479 518 1032 641 '‘hiendcldm‘hhihhandonsemss'li‘
1042 542 1192 611 Molonis
1213 552 1477 632 praeceptorem,
1490 509 1560 611 iam
1580 559 1750 614 mortuum
1772 526 1913 677 ruisi-{p

269 650 528 755 oasam
687 662 693 675 ·
745 660 791 673 ‘¹
957 658 973 683 ⁸·
1056 656 1068 687 ·=
1154 656 1157 659 ·
1763 708 1765 711 v
1837 652 1916 701 2·

343 788 378 825 ·=¹
430 766 550 846 'Hisce
571 756 828 846 tausls‘indueti
840 774 883 843 ³et
903 799 941 842 ea
961 776 1182 863 potissimum,
1217 776 1307 863 quod
1329 790 1426 864 post
1445 781 1687 864 Hermagoran
1702 756 1898 846 Molorchi?
1912 760 1925 835 ἐ

281 899 393 966 τιιίειο
420 897 585 973 audimus,
616 895 676 984 qui
705 892 771 961 iam
795 917 884 962 anuo
904 892 968 962 674
996 915 1028 958 u.
1051 917 1079 958 c.
1104 893 1170 981 (80.
1193 917 1222 959 a.
1246 894 1324 980 Ch.)
1355 892 1517 959 dictatore
1545 897 1641 961 Sulla
1669 898 1713 961 ad
1740 886 1903 965 senatum

289 1014 501 1085 Rhodiorum
522 1012 692 1099 praemiis,
714 1014 802 1079 adoh
816 1013 973 1077 »centiam
995 1014 1114 1097 procul
1137 1011 1242 1075 dubio
1264 1012 1365 1100 longe
1381 1024 1615 1095 transgressus,
1636 1026 1781 1090 venerat,
1802 1036 1873 1080 nen
1889 1034 1925 1098 p·

287 1152 410 1203 sumus,
432 1133 514 1215 quin
536 1130 625 1216 apud
642 1131 853 1195 Plutarchum
875 1152 945 1196 uon
970 1131 1013 1193 de
1030 1133 1104 1216 ipso
1126 1133 1343 1215 Hermagora,
1371 1128 1429 1192 sed
1453 1129 1495 1191 de
1518 1127 1742 1211 disputatione
1766 1104 1921 1194 contrua

286 1245 566 1335 quamhuiusviri
580 1245 776 1310 sententiam
794 1265 982 1310 sermonem
999 1270 1069 1311 csse
1079 1246 1313 1318 existimemus,
1333 1243 1425 1331 quod
1435 1243 1570 1330 quidem
1582 1265 1622 1305 ex
1636 1242 1770 1328 linguae
1784 1244 1916 1330 legibue
1930 1228 1932 1233 ⁸

288 1362 364 1429 fieri
392 1383 489 1448 posse
517 1383 587 1425 nen
616 1372 674 1437 est,
704 1361 796 1447 quod
825 1363 1091 1447 comprobemus.
1135 1359 1357 1431 Posidonium
1379 1375 1499 1436 autem,
1528 1359 1700 1425 dialectica
1724 1363 1928 1425 facultatem

287 1479 465 1562 insignem,
486 1474 524 1541 tit
544 1476 745 1563 cognomine
765 1460 929 1565 Ἀθλητοῦ
950 1495 1087 1546 ornatus
1108 1478 1162 1555 sit,
1183 1481 1216 1565 3)
1244 1478 1305 1540 hac
1335 1473 1510 1541 occasione
1540 1476 1653 1540 ohlata
1682 1487 1787 1541 artem
1815 1497 1907 1542 suam
1937 1507 1941 1530 ι

287 1607 458 1670 etantaese,
478 1595 579 1657 facile
599 1592 814 1667 crediderim,
835 1596 1030 1676 praesertim
1051 1617 1154 1684 quum
1178 1617 1253 1660 eum
1274 1596 1510 1660 Aristotelem
1531 1591 1644 1679 potius
1666 1594 1846 1671 rationem,
1867 1614 1931 1678 que

291 1708 513 1795 Hermagoras
534 1707 731 1795 reliquerat,
747 1709 785 1788 4)
804 1731 933 1775 summo
956 1712 1070 1777 studio
1091 1723 1238 1776 secutum
1260 1733 1328 1774 esse
1350 1709 1515 1775 audimus.
1536 1713 1568 1795 ⁵)
1590 1746 1633 1760 -—-

880 1875 1368 1899 m

457 1990 586 2084 Quodsi
615 2013 654 2054 er
684 1989 786 2055 totius
815 1991 1051 2075 disputationis
1082 2012 1235 2058 connexu
1264 2015 1304 2058 ea
1332 1992 1369 2058 in
1400 2012 1504 2057 unum
1534 1990 1860 2076 comprehendimus,
1881 2013 1945 2079 qua

291 2107 334 2169 de
372 2118 490 2169 nostro
520 2111 723 2191 Hermagora
762 2106 829 2170 dici
860 2118 1017 2201 possunt,
1053 2129 1163 2196 neque
1201 2110 1244 2172 de
1281 2107 1399 2193 patria,
1432 2129 1541 2193 neque
1572 2108 1615 2173 de
1644 2108 1822 2183 natalibus,
1858 2127 1956 2193 nequ

168 2282 170 2287 .
290 2222 431 2288 omnino
461 2224 502 2287 de
528 2222 751 2309 qualicunque
780 2223 865 2286 ritae
898 2224 1094 2289 conditione
1122 2224 1305 2313 quidquam
1334 2226 1377 2288 ah
1406 2223 1552 2312 antiquis
1580 2225 1679 2287 nohis
1708 2224 1868 2289 traditum
1897 2245 1958 2286 ess

179 2410 185 2421 ¹
291 2330 457 2407 ridemus.
496 2342 569 2402 Hoc
589 2339 698 2402 solum
720 2351 811 2403 extra
834 2359 966 2404 omnem
989 2337 1234 2406 dubitationem
1255 2339 1401 2437 positum
1425 2362 1496 2403 ease
1517 2334 1785 2414 existimavimus,
1813 2318 1953 2402 aetatem

289 2476 356 2542 qua
377 2455 530 2521 floruerit
558 2453 629 2530 ille,
661 2456 752 2520 inter
781 2456 969 2524 Stoicorum
1001 2468 1034 2519 et
1055 2456 1352 2548 Peripateticorum
1379 2455 1552 2543 principes
1573 2467 1606 2519 et
1625 2454 1870 2541 Appollonium
1893 2457 1950 2518 hlo

285 2572 401 2635 ionem
421 2569 605 2646 Rhodium,
634 2564 739 2635 altera
752 2572 855 2635 seculi
876 2584 952 2635 ante
971 2572 1139 2637 Christum
1160 2572 1300 2637 secundi
1314 2585 1419 2657 parte,
1443 2594 1512 2637 esse
1528 2542 1818 2650 constituendam
1840 2570 1967 2633 doctri

286 2705 363 2749 nam
387 2684 458 2748 eiua
478 2706 557 2750 vero
580 2683 751 2750 Ciceronis
772 2687 1026 2773 aequaliumque
1046 2698 1197 2770 tempore
1214 2688 1342 2752 Romae
1362 2689 1573 2773 potissimum
1595 2699 1687 2751 tanto
1710 2687 1747 2751 in
1767 2684 1964 2761 mulnisae,

290 2813 328 2866 ut
347 2802 408 2866 ille
430 2799 501 2885 ipse
523 2813 638 2865 orator
657 2802 695 2866 in
717 2800 826 2878 lihris,
856 2824 940 2890 quos
961 2806 1004 2869 de
1027 2805 1222 2872 inventione
1243 2807 1385 2893 scripsit,
1413 2821 1564 2897 nostrum
1587 2818 1794 2895 sequeretur.

457 2917 575 3003 ltaque
596 2938 664 3003 quo
685 2917 819 2982 minore
844 2940 906 3005 per
925 2919 1071 2986 fontium
1093 2924 1290 3007 paucitatem
1313 2935 1410 3010 atque
1433 2923 1683 3011 ambiguitatem
1705 2946 1744 2988 aa
1764 2933 1852 2999 sunt,
1872 2943 1968 3009 ,qaae

186 3061 190 3069 ·
292 3035 344 3098 de·
372 3021 726 3119 vitallermagorae
763 3035 930 3111 novimus,
965 3058 1067 3124 quum
1104 3042 1349 3128 auapleraqae
1378 3042 1467 3126 aptrd
1505 3043 1734 3116 Senecam,
1771 3041 1967 3114 Suidam,

289 3148 543 3215 Strabonem
573 3150 711 3236 vestigia
740 3152 784 3218 ad
806 3155 948 3219 alterum
967 3159 1207 3242 Hermagoram
1233 3157 1437 3242 pertineant,
1466 3168 1524 3246 aut
1551 3179 1594 3221 ex
1621 3155 1709 3232 aliis,
1734 3169 1773 3222 ut
1792 3177 1833 3219 ex
1853 3154 1969 3220 clee-

431 3447 462 3517 l)
481 3409 606 3501 wetzel.
627 3443 663 3502 ad
680 3448 767 3504 Brut.
787 3467 811 3504 e.
831 3454 876 3513 91,
893 3456 956 3516 315,

429 3572 461 3640 2)
480 3563 578 3622 Verba
596 3564 665 3624 hm
682 3578 778 3664 'mats
814 3556 897 3647 πρός
918 3554 1129 3647 Ἑρμαγόραν
1163 3561 1238 3650 περὶ
1270 3560 1328 3648 τῆς
1354 3553 1430 3627 καθ’
1454 3554 1535 3626 h'lov
1563 3552 1725 3646 ζητήσεως·
1750 3550 1966 3635 destruiti-

481 3692 616 3756 μενος.
775 3686 781 3695 ‘

430 3803 462 3875 3)
481 3799 567 3864 Said.
586 3821 607 3857 a.
628 3823 653 3858 v.
682 3785 719 3870 ὅς
739 3787 906 3878 ἐπεκλήθη
922 3784 1091 3878 '‘delatric-

431 3911 464 3975 4)
484 3905 612 3971 Quiuct:
621 3907 680 3961 111.
700 3909 783 3967 l.15.
820 3906 924 3962 Cicero
943 3904 1082 3961 inlibris
1103 3903 1273 3964 ductatore
1291 3902 1360 3963 haec
1379 3908 1542 3965 eommunia
1559 3916 1723 3990 praecepta,
1742 3922 1816 3982 qnae
1836 3902 1866 3958 iu
1887 3888 1964 3958 eiusss

478 4007 545 4066 dem
570 4008 660 4065 libris
677 4008 834 4065 rhetoricis
851 4009 986 4088 legimns,
1009 4008 1063 4067 uhi
1088 4010 1295 4088 Hermagoram
1312 4021 1427 4067 secutus
1446 4022 1518 4078 erat,
1544 4011 1677 4086 reliquit,
1704 4017 1735 4064 at
1751 4004 1963 4065 Aristotelem

483 4124 515 4170 et
530 4115 706 4170 Isocrateam
725 4115 868 4170 rationem
887 4114 1047 4171 oratoriam
1066 4110 1230 4190 complexus
1249 4124 1303 4177 est.
1331 4115 1391 4201 Cio.
1411 4114 1640 4175 adFam.1.9.
1656 4110 1703 4175 9⁴(

430 4217 462 4285 5)
480 4199 567 4282 Quod
585 4215 692 4273 Strabo
709 4221 736 4281 1.
754 4240 783 4297 p.
802 4222 835 4278 'tl
855 4215 891 4274 de
909 4216 1087 4297 geographia
1105 4226 1215 4284 narrat,
1235 4229 1265 4274 et
1290 4215 1327 4275 de
1354 4228 1417 4274 erte
1436 4217 1566 4273 oratoria
1588 4213 1649 4272 dici
1661 4224 1781 4301 potetis
1798 4197 1886 4270 nola}
1895 4197 1960 4285 γάρ

478 4316 546 4387 ἐστι
565 4316 603 4387 τό
625 4319 846 4409 αἰτιολογικόν
866 4316 941 4410 παρ’
963 4315 1053 4414 αὐτῷ
1073 4323 1130 4392 καὶ
1149 4318 1189 4393 ad
1207 4319 1543 4414 Ἀριστοτελίζον.
