4225 5442
1856 325 1954 342 ...
2100 237 2521 367 θ’...μ

454 482 555 552 ibi
600 497 747 551 orta
788 485 910 552 din
949 481 1180 571 viguit,
1223 481 1410 548 cuius
1446 481 1627 546 inter
1666 492 2129 567 praeceptores
2169 475 2481 562 inprimis
2513 485 3081 568 Hermagoras
3117 487 3185 569 ¹)
3229 478 3463 548 rhetor
3492 492 3562 546 et
3588 481 3800 568 Apol·
3840 531 3850 536 -

454 601 681 668 lenius
721 600 1230 677 Alabandensis,
1274 597 1670 685 cognomine
1703 597 2025 670 Molonis,
2068 597 2542 663 excelluerunt.
2628 603 2928 695 Quorum
2968 599 3089 662 ille
3129 617 3334 682 quum
3376 619 3516 663 non
3556 599 3814 692 solum,

457 731 535 783 ut
574 718 764 794 alter,
823 719 1109 804 primam
1168 719 1311 780 fere
1365 715 1606 778 summi
1660 712 1952 778 Romani
2004 713 2316 779 oratoris.
2354 711 2840 779 institutionem
2903 725 3081 779 certe
3123 711 3388 797 scriptis
3429 715 3569 777 suis
3609 711 3683 778 in
3728 735 3798 776 se

458 833 847 921 susceperit,
890 834 1002 897 sed
1049 832 1246 896 etiam
1290 831 1472 894 velut
1511 829 1852 917 propriam
1896 829 1970 895 in
2012 839 2155 893 arte
2197 827 2492 893 oratoria
2533 828 2705 892 viam
2749 806 3096 917 recen-iffi),
3155 829 3354 914 vitam
3397 826 3545 894 eius
3583 840 3653 893 et
3690 826 3797 897 in·

457 952 730 1039 genium
777 964 1111 1035 artemque
1155 946 1527 1012 accuratius
1568 945 1971 1033 describere,
2014 965 2259 1030 operae
2300 945 2587 1028 pretium
2632 945 2899 1009 videtur
2941 967 3105 1010 esse.

789 1068 855 1129 Is
907 1076 1125 1128 autem
1188 1063 1354 1147 ipse,
1414 1063 1596 1145 cujus
1640 1059 2021 1126 doctrinam
2065 1061 2458 1130 Ciceronem
2516 1061 2591 1125 in
2649 1057 3140 1126 rhetoricorum
3184 1085 3235 1125 s.
3280 1062 3367 1126 de
3406 1061 3798 1125 inventione

457 1181 674 1257 libris,
716 1181 831 1268 qui
873 1191 1215 1255 vocantur,
1258 1189 1558 1243 secutum
1596 1198 1741 1242 ‘esse
1784 1190 2042 1243 constat
2067 1180 2157 1264 ⁸),
2203 1177 2568 1262 diligenter
2594 1197 2631 1239 a
2664 1176 2929 1251 duobus
2959 1177 3124 1250 „aliis
3166 1178 3463 1242 eiusdem
3507 1175 3800 1243 nominis

457 1298 843 1366 hominibus
887 1275 1400 1379 distinguendus
1444 1306 1591 1358 ests

764 1417 855 1478 ·N
859 1433 961 1474 am
999 1408 1437 1508 Quinctiliani
1466 1409 1598 1473 iam
1629 1410 2043 1492 temporibus
2071 1416 2303 1474 noster
2326 1430 2473 1474 cnm
2500 1408 2651 1475 aliis
2696 1412 3012 1475 confusus
3050 1433 3190 1474 esse
3232 1409 3525 1477 videtur.
3588 1412 3803 1486 „Sunt

454 1528 762 1614 inscripti
805 1521 879 1591 in
911 1526 1073 1591 inst.
1117 1547 1218 1589 or.
1262 1525 1382 1588 lib.
1426 1527 1553 1589 111.
1595 1523 1660 1600 5,
1705 1526 1807 1589 14.
1861 1525 2108 1614 inquit,
2174 1527 2453 1591 nomine
2493 1528 2946 1610 Hermagorae
2985 1526 3172 1601 libri,
3216 1525 3365 1613 (qui
3410 1527 3801 1589 confirmant

455 1647 646 1713 iliam
690 1644 1115 1729 opinionem)
1173 1643 1309 1721 sive
1363 1643 1569 1706 falsus
1610 1653 1709 1705 est
1746 1618 2005 1717 titulus,
2061 1642 2240 1707 sive
2282 1643 2505 1708 alins
2546 1642 2688 1706 hi'o
2726 1644 3305 1728 Hermagoras
3347 1641 3541 1706 fnit.
3626 1645 3801 1707 Nam

455 1762 759 1828 eiusdem
800 1783 943 1825 esse
984 1757 1329 1846 quomodo
1371 1768 1670 1844 possunt,
1712 1756 1828 1844 qui
1871 1758 1959 1822 de
2000 1759 2124 1822 hac
2164 1779 2237 1825 re
2279 1755 2683 1823 mirabiliter
2721 1746 2931 1823 multa
2972 1758 3410 1844 composuit.“
3448 1798 3537 1814 ——-
3580 1762 3801 1857 Quare

458 1901 546 1947 ne
587 1879 711 1943 hac
760 1875 1190 1960 ambignitate
1247 1873 1716 1958 impediamur,
1775 1892 1942 1939 neve
1998 1873 2070 1940 in
2126 1874 2334 1938 alium
2391 1876 2890 1950 transferamus,
2932 1894 3103 1961 quae
3147 1875 3363 1940 nostri
3409 1875 3563 1952 sint,
3622 1886 3687 1939 et
3727 1875 3803 1940 in

457 2008 757 2063 nostrum
800 1991 1040 2064 aliena,
1083 2000 1237 2054 ante
1278 1987 1507 2052 omnia
1549 2009 1725 2064 enm,
1768 1990 1854 2053 de
1894 2009 2032 2074 quo
2073 1989 2511 2074 disputamus,
2554 2009 2593 2052 a
2625 1990 2907 2076 reliquis
2950 1968 3300 2076 seiungere
3340 2006 3508 2075 opus
3543 2003 3685 2066 ‘est;
3734 2006 3804 2056 et

455 2110 748 2196 primum
792 2107 1067 2198 quidem
1112 2107 1196 2168 ab
1239 2106 1441 2189 Amp
1459 2102 2006 2189 h'ipolitano,
2060 2124 2258 2190 quem
2303 2105 2545 2169 Suidas
2588 2129 2641 2179 s.
2682 2126 2746 2171 v.
2792 2118 3283 2184 commemorat,
3340 2103 3804 2194 ςιιίἙρμαγό-

281 2291 288 2294 ,
415 2217 1483 2313 κραςριιςιιίςίάμφιπολίτης,
1515 2215 2006 2302 φιλόσοφος,
2029 2214 2332 2304 μαθητὴς
2361 2224 2697 2308 Περσαίου
2728 2218 3027 2306 διάλογοι
3055 2219 3426 2288 Μισοκῦων
3459 2219 3521 2304 ἄ,
3556 2221 3704 2309 περὶ
3734 2245 3801 2300 α-

456 2335 866 2422 τυχημάτων,
889 2333 1163 2420 ἔκχυτον
1191 2331 1328 2400 ἔστι
1343 2331 1414 2398 δὲ
1448 2333 1610 2417 (leg.
1641 2331 1739 2400 ἔτι
1767 2332 1872 2416 δὲ)
1905 2327 2259 2417 decanatu,
2292 2335 2441 2421 περὶ
2470 2337 2843 2421 σοφιστείας
2871 2332 3037 2422 πρὸς
3064 2331 3557 2422 Ἁκαδημικοῦς,
3602 2355 3798 2422 quem

458 2474 499 2519 a
539 2463 772 2517 nostro
817 2449 1150 2513 diversum
1195 2469 1360 2523 esse,
1419 2469 1501 2512 eo
1543 2447 1808 2512 facilius
1854 2461 1952 2512 est
1991 2451 2362 2530 intellectu,
2407 2474 2542 2539 quo
2585 2451 2807 2518 minus
2844 2453 2971 2518 illo
3015 2462 3318 2536 tempore
3359 2451 3439 2528 is,
3490 2446 3607 2538 qui
3649 2451 3803 2538 phi-

457 2567 832 2652 losophiam
881 2566 1254 2651 profitetur,
1320 2584 1468 2629 cnm
1511 2565 1781 2628 rhetore
1825 2567 2152 2632 confundi
2193 2581 2430 2654 potest,
2490 2568 2685 2653 (licet
2722 2569 3111 2654 philosophi
3152 2569 3515 2643 interdum,
3560 2580 3634 2631 ut
3673 2569 3805 2633 Po-

459 2683 788 2760 sidonius,
849 2682 935 2746 de
993 2693 1134 2745 arte
1168 2680 1440 2745 dicendi
1483 2678 1936 2766 disputarent)
1979 2705 2195 2774 neque
2238 2684 2482 2773 scripta
2525 2686 2709 2750 illins
2752 2707 2902 2751 cum
2946 2686 3141 2751 libris
3184 2682 3543 2750 rhetoricis
3584 2685 3802 2750 nostri

460 2800 827 2888 quidquam
865 2818 1211 2863 commune
1249 2797 1517 2878 habent,
1560 2811 2020 2885 praeterquam
2050 2803 2257 2889 quod,
2301 2788 2621 2889 qfffiixtum
2654 2802 2963 2890 equidem
2998 2802 3166 2879 scio,
3210 2825 3334 2867 nos
3377 2803 3563 2867 om‘ni
3603 2799 3804 2866 huius

458 2916 849 3005 philosophi
890 2901 1135 2980 notitia
1177 2915 1377 2998 plane
1421 2914 1721 2979 destituti
1763 2932 2010 2982 sumus.

789 3029 951 3098 Alia
992 3051 1183 3097 causa
1229 3028 1502 3095 alterius
1543 3042 1646 3094 est
1689 3030 2143 3097 Theodori
2189 3033 2719 3099 Gadarensis
2772 3034 3234 3118 discipuli,
3284 3035 3477 3099 cuins
3521 3045 3798 3102 aetatem

462 3161 530 3217 et
567 3168 740 3236 quae
796 3146 1077 3213 omnino
1137 3147 1222 3210 de
1266 3166 1346 3208 ee
1391 3157 1722 3236 constent,
1758 3146 2038 3233 propius
2081 3147 2501 3235 circumspici
2542 3172 2807 3216 necesse
2852 3164 2978 3229 est,
3012 3153 3396 3238 priusquam
3439 3152 3525 3215 de
3568 3161 3802 3216 nostro

462 3255 920 3332 decernamus.
1003 3263 1303 3329 Primum
1360 3261 1567 3346 igitur
1626 3284 1724 3340 ea,
1790 3286 1960 3352 qnae
2005 3266 2497 3364 quinctilianus
2514 3269 2587 3352 4)
2631 3266 2735 3332 his
2789 3268 3009 3334 verbis
3052 3270 3413 3333 memoriae
3457 3267 3802 3354 prodiditt
3860 3336 3863 3340 ,

465 3382 705 3471 „plura
747 3380 1142 3448 Theodorus
1199 3379 1482 3464 scripsit,
1545 3380 1791 3444 cuius
1849 3383 2343 3451 auditorem
2403 3368 3018 3471 Hei-magonam
3077 3398 3311 3464 sunt,
3373 3383 3518 3475 qui
3576 3384 3807 3463 vide-

460 3502 725 3577 rint“,
765 3511 944 3565 recte.
984 3495 1447 3582 reputantibus
1488 3497 1668 3561 hunc.
1705 3499 1831 3562 snb.
1856 3502 2158 3584 Augusto
2204 3514 2270 3564 et
2298 3500 2569 3567 Tiberio
2604 3502 2844 3568 vixisse
2885 3516 3407 3567 consentaneum
3449 3499 3805 3565 videbitur.
3846 3495 3856 3502 ’

746 3634 753 3640 ’
825 3617 996 3682 Nam
1036 3621 1120 3680 ut'
1148 3611 1326 3677 'inter
1363 3615 1677 3702 ‘aequales
1716 3614 2183 3710 quinctiliani„
2222 3619 2339 3705 qui
2380 3617 2835 3688 institutiones
2876 3640 3025 3684 suas
3068 3598 3392 3683 oratorias
3433 3619 3553 3683 sub
3602 3618 3802 3682 finem

757 3917 822 3988 l)
855 3913 983 3970 Hac
1025 3930 1185 3970 casus
1223 3908 1573 3968 nominativi
1606 3909 1795 3968 forma
1845 3911 1944 3969 'uti
1989 3912 2219 3981 licebit,
2270 3928 2622 3992 quamquam
2668 3916 2743 3972 ci
2743 3889 3008 3972 cer-onem
3043 3914 3480 3985 Quinctiiianus
3517 3913 3653 3978 inst,
3706 3932 3808 3969 on

855 4016 969 4077 lib
1005 4020 1064 4080 Ῑ
1094 4019 1148 4083 5,
1184 4018 1278 4079 61
1342 4016 1717 4111 Hermagora,
1753 4037 1875 4075 non
1903 4018 2293 4125 Hermagoras
2323 4020 2539 4079 dixisse
2575 4019 2856 4086 affirmat

762 4125 825 4192 Ξ)
866 4121 1101 4188 Quium.
1141 4118 1285 4180 inat
1317 4138 1414 4183 m·
1441 4122 1791 4189 111.1,1e

761 4232 909 4300 333²
997 4240 1097 4288 πη,
1141 4228 1257 4284 HI.
1297 4226 1383 4290 ll,
1420 4229 1511 4288 18.

761 4340 821 4404 4)
869 4248 1001 4392 [usi.
1045 4352 1129 4392 ur,
1169 4332 1289 4400 ΠΪ,
1325 4332 1382 4391 [10
1415 4339 1473 4398 8·
